1716 2996
208 184 296 226 228
477 144 483 152 *
581 181 626 224 C.
656 180 980 226 SALLUSTI
1009 182 1231 228 CRISPI

210 311 346 356 quam
394 311 451 342 eo
497 296 643 354 venit,
692 313 966 357 quamquam
1010 301 1224 360 persequi
1258 300 1522 361 Iugurtham
1557 309 1603 347 et

209 394 382 439 mederi
421 393 645 438 fraternae
691 394 883 440 invidiae
929 397 1100 442 animus
1150 398 1360 456 ardebat,
1411 401 1602 460 cognitis

209 491 435 547 militibus,
471 505 584 549 quos
619 497 801 551 praeter
830 493 988 554 fugam
1024 496 1170 539 soluto
1201 495 1391 556 imperio
1425 497 1599 540 lieentia

208 594 343 647 atque
372 587 554 632 lascivia
582 594 856 650 corruperat,
894 603 949 635 ex
985 592 1119 651 copia
1153 607 1304 637 rerum
1335 593 1484 638 statuit
1519 593 1601 638 sibi

208 685 318 730 nihil
353 684 629 746 agitandum.
1571 666 1573 668 .

154 910 157 915 Α
207 893 310 928 sicuti
333 897 552 936 convenerat,
573 903 675 927 arma
698 892 851 937 capiunt.
878 912 923 918 -
950 893 1167 940 Quamquam
1191 895 1241 930 ita
1263 894 1437 940 positum,
1473 897 1512 930 ut
1535 906 1601 929 non

206 959 370 999 sequatur
393 960 532 995 tamen,
555 953 812 989 illustravimus
835 965 940 998 supra
965 955 1011 989 ad
1033 967 1064 989 c.
1089 956 1252 1000 xxxin,
1277 956 1311 991 2.
1335 975 1380 982 -
1403 957 1475 991 Pro
1497 957 1600 990 aui-

208 1019 302 1050 'mus
333 1016 483 1050 ardebat
507 1015 594 1050 olim
618 1016 803 1061 legebatur
827 1017 976 1050 animo
1001 1016 1173 1058 ardebat,
1199 1021 1239 1050 ut
1261 1017 1368 1052 etiarn
1392 1016 1601 1054 Gedachius

207 1076 245 1110 in
275 1079 371 1111 textu
406 1077 527 1111 habet.
577 1077 646 1110 Sed
671 1076 906 1111 nominativus
930 1081 1042 1112 exstat
1065 1077 1100 1111 in
1125 1078 1302 1112 nonnullis
1323 1080 1480 1123 Popmae
1501 1078 1599 1113 codd.

207 1136 328 1172 Struv.
352 1137 424 1172 Inc.
448 1138 482 1174 1.
505 1137 540 1171 2.
576 1138 703 1172 Frane.
730 1139 848 1174 Guelf.
872 1138 906 1173 ⁷.
931 1139 989 1172 lo.
1020 1138 1119 1173 Leid.
1142 1140 1186 1173 B.
1209 1140 1255 1174 1).
1280 1140 1324 1175 E.
1347 1141 1388 1174 F.
1411 1139 1458 1176 K.
1489 1139 1601 1175 Paris.

206 1197 251 1231 Β.
275 1197 322 1232 Ε.
355 1197 441 1232 Bas.
464 1198 500 1234 4.
530 1199 625 1232 Med.
654 1199 688 1234 1.
713 1198 747 1232 2.
771 1199 806 1235 4.
829 1198 866 1234 5.
888 1198 924 1234 8.
947 1200 1003 1233 11.
1041 1200 1125 1234 Ven.
1150 1200 1184 1234 l.
1207 1200 1242 1235 2.
1266 1200 1300 1234 4.
1342 1201 1422 1236 Vat.
1445 1200 1481 1235 2.
1503 1200 1539 1234 3.
1562 1199 1598 1233 4.

206 1257 325 1302 Misn„
347 1270 581 1303 quotnumero
605 1260 745 1293 taudem
767 1265 944 1302 permotus
959 1260 1169 1295 Gerlachius
1191 1261 1228 1295 in
1240 1261 1448 1296 Commentt.
1472 1260 1600 1306 μ’.)ιῖὄ.

207 1318 346 1354 aream
367 1320 507 1363 probat,
530 1320 567 1354 in
590 1321 650 1354 ed.
664 1319 855 1354 novissima
878 1321 923 1354 ad
947 1321 1129 1365 vulgatam
1150 1322 1318 1365 relapsus.
1347 1322 1441 1367 Quin
1465 1326 1602 1357 utrum-

206 1391 277 1424 que
298 1379 486 1421 roctuvdici
509 1381 617 1426 possit
639 1392 708 1415 non
732 1385 784 1415 est
806 1380 972 1422 dubium3
996 1382 1057 1415 sed
1079 1381 1317 1417 nominativus
1335 1383 1602 1427 h.1.aliqunntu

207 1441 287 1485 plus
312 1441 626 1476 commendationis
658 1442 792 1476 habe‘re
822 1440 963 1476 videtur
993 1442 1039 1476 ab
1074 1455 1140 1478 usu
1162 1444 1296 1479 Latinis
1318 1443 1474 1488 proprio,
1501 1442 1601 1476 cuius

206 1501 351 1548 ignaros
383 1501 517 1536 scribas
548 1503 749 1538 ablativum
779 1501 1000 1536 substituisse
1036 1504 1220 1547 probabile
1251 1509 1314 1546 est.
1359 1504 1476 1548 Saepe
1506 1503 1600 1539 enim

205 1562 380 1597 vocabulo
404 1562 515 1597 animi
536 1563 588 1598 ita
609 1567 757 1598 utuntur
769 1562 897 1605 Latini,
926 1566 964 1598 ut
986 1563 1082 1599 vices
1101 1565 1270 1600 sustineat
1291 1564 1504 1610 pronominis
1522 1576 1602 1609 per-

205 1623 361 1666 sonalis,
385 1624 478 1667 quod
501 1624 560 1658 vel
583 1624 730 1659 subiecti
754 1624 790 1658 vi
814 1624 850 1658 in
873 1624 982 1659 verbo
1007 1625 1104 1668 latet,
1126 1626 1187 1660 vel
1210 1626 1336 1661 diserte
1358 1625 1518 1661 additum
1540 1625 1600 1660 ob-

205 1684 290 1719 iecti
312 1686 430 1718 locum
455 1686 563 1719 habet
577 1710 587 1727 ‚
607 1685 742 1719 scilieet
765 1684 796 1719 si
819 1684 877 1726 id,
902 1686 994 1729 quod
1018 1686 1061 1720 de
1083 1686 1204 1731 aliquo
1227 1686 1372 1722 homine
1393 1687 1432 1721 in
1454 1686 1613 1728 univer--

204 1756 285 1781 sum
307 1745 527 1787 enuntiatur,
550 1746 619 1780 tale
636 1749 699 1789 est,
724 1751 762 1780 ut
777 1746 820 1780 ad
838 1746 995 1780 animum
1012 1747 1202 1791 pertineat3
1226 1746 1428 1791 V.Zumptii
1439 1747 1599 1785 Gramm.

204 1806 286 1841 Lat.
310 1808 343 1850 §.
359 1805 418 1841 84.
443 1807 486 1841 Δ.
509 1806 543 1841 7.
569 1819 602 1851 p.
626 1806 708 1842 475.
731 1807 786 1842 ed.
811 1807 870 1841 IV.
905 1809 1264 1844 Pseudo-Sallustius
1287 1810 1332 1843 de
1353 1810 1446 1853 Rep.
1470 1808 1545 1843 ord.
1571 1808 1600 1849 1,

206 1865 242 1910 8,
264 1866 304 1902 9.
326 1868 384 1902 Ad
407 1868 693 1913 reprehendenda
709 1869 827 1903 aliena
843 1871 948 1913 faeta
971 1870 1073 1904 ardet
1094 1870 1250 1904 omnibus
1273 1870 1457 1904 animus.
1480 1868 1556 1915 Liv.
1572 1869 1599 1910 1,

205 1928 266 1971 22,
290 1928 326 1962 2.
355 1930 444 1964 Tum
468 1934 568 1963 aetas
590 1930 767 1974 viresque,
801 1935 876 1965 tum
899 1930 999 1964 avita
1021 1930 1140 1975 gloria
1160 1931 1357 1964 animum
1383 1928 1599 1968 stiaenulabat.

205 1990 254 2031 11,
278 1989 338 2031 39,
364 1990 421 2024 12.
447 1991 652 2026 Sacerdotes
675 2002 808 2037 quoque
827 1991 998 2025 nuditum
1022 1995 1073 2025 est
1095 1991 1203 2025 nihilo
1226 1991 1345 2036 magis
1367 2001 1471 2036 quam
1492 1991 1599 2035 lega-

209 2055 262 2085 tos
278 2052 422 2094 flexisse
445 2053 639 2087 animum
662 2064 712 2087 se.
744 2051 941 2095 Coriolani,
975 2052 999 2085 i.
1025 2062 1056 2085 e.
1088 2063 1179 2086 eum.
1224 2050 1369 2087 Similia
1398 2054 1480 2086 sunt
1508 2061 1599 2095 qnae

204 2122 312 2156 supra
334 2113 534 2147 notavimus
558 2114 602 2147 ad
626 2124 657 2148 c.
681 2113 743 2154 xl,
765 2111 800 2147 8.
824 2112 870 2149 cf.
893 2124 924 2147 e.
948 2112 1058 2157 mm,
1081 2112 1117 2149 8.
1141 2113 1250 2154 Lxx,
1271 2113 1305 2147 1.
1329 2110 1364 2147 5.
1388 2111 1548 2153 LXXXI,
1566 2111 1599 2145 1.

205 2191 252 2198 -—
267 2173 323 2206 Es
339 2174 438 2218 copia
457 2186 574 2208 rerum
594 2173 732 2209 Cottius
750 2177 843 2208 recte
859 2173 1030 2218 explicat:
1053 2184 1116 2217 pro
1133 2184 1264 2215 rerum,
1289 2183 1379 2217 quae
1394 2176 1469 2208 tum
1486 2175 1598 2214 erant,

203 2236 300 2269 statu
323 2237 358 2269 et
381 2235 602 2277 condicione3
627 2245 662 2269 V.
686 2234 732 2269 ad
754 2246 786 2270 e.
810 2234 898 2277 mv,
919 2233 955 2269 9.
970 2251 1016 2260 -
1031 2234 1084 2268 De
1105 2238 1280 2269 structura
1301 2235 1429 2270 statuit
1450 2234 1597 2279 agitan-

204 2294 288 2329 dum
318 2306 388 2330 non
419 2296 524 2339 plane
559 2300 742 2340 possumus
772 2295 935 2330 assentiri
958 2294 1103 2329 Bremio
1127 2295 1172 2329 ad
1194 2294 1284 2339 Nep.
1307 2295 1412 2329 Eam.
1435 2294 1535 2336 vlu,
1558 2293 1595 2328 4.

203 2355 338 2392 Statuit
361 2356 498 2401 aliquid
520 2357 587 2390 sibi
607 2356 744 2391 consilis·
765 2356 847 2391 πουί
869 2367 943 2391 esse
963 2355 1248 2401 capiendum.
1281 2354 1373 2390 Nam
1385 2355 1480 2400 quod
1494 2365 1595 2399 prae-

204 2415 292 2460 eipit
315 2415 356 2450 V.
379 2417 422 2451 Ι).
446 2417 655 2452 decemcmii
686 2418 798 2452 verba
827 2429 892 2462 pro
922 2417 986 2453 inf.
1022 2428 1135 2462 praes.
1157 2415 1265 2451 activi
1294 2415 1508 2460 frequentius
1528 2414 1595 2450 ad-

204 2475 362 2512 iunctum
383 2477 517 2512 habere
537 2477 664 2522 partie.
687 2478 751 2514 fut.
775 2479 904 2524 passivi
926 2490 1009 2513 eum
1031 2470 1104 2513 esse
1125 2477 1344 2521 copulatum,
1365 2476 1493 2510 horum
1514 2486 1596 2509 ver·

204 2538 333 2573 borum
362 2543 510 2573 naturae
537 2542 724 2584 repugnat.
770 2539 873 2584 Apud
902 2540 1013 2574 bonos
1043 2540 1140 2572 certo
1170 2536 1358 2582 scriptores
1377 2540 1532 2571 statuere
1557 2535 1594 2570 in

204 2599 269 2635 tali
285 2603 461 2635 struetura
477 2610 549 2634 non
565 2600 661 2634 valet
683 2600 879 2642 decernere,
901 2601 962 2635 sed
978 2609 1129 2642 censere,
1148 2602 1287 2642 putare,
1309 2597 1480 2638 iudicare,
1503 2596 1596 2631 unde

202 2659 396 2696 infinitivus
415 2659 674 2706 conjugationis
694 2660 968 2706 periphrasticae
990 2658 1149 2704 passivae
1171 2657 1223 2692 ita
1239 2657 1375 2702 pendet,
1398 2661 1438 2691 nt
1451 2656 1595 2702 propria

203 2720 242 2756 vi
264 2722 301 2756 id
323 2722 519 2769 significet,
541 2721 635 2765 quod
657 2720 716 2755 cni
738 2733 875 2756 neeesse
897 2722 1071 2755 videatur.
1096 2719 1144 2754 cf.
1167 2718 1262 2754 infra
1286 2730 1317 2753 e.
1340 2717 1429 2759 HV,
1452 2716 1488 2752 ⁵.
1515 2717 1593 2751 Me-

203 2782 307 2817 teum
329 2782 503 2819 statuit
526 2782 597 2817 auo
618 2781 720 2817 nodo
743 2781 872 2816 bellum
893 2779 1155 2827 gerundum.
1179 2777 1254 2813 cic.
1278 2790 1314 2823 p.
1334 2776 1516 2820 Olunta,
1535 2776 1592 2812 16.
