1716 2996
322 99 348 125 Ι

192 137 280 179 392
567 132 614 176 G.
644 132 968 177 SALLUSTI
996 134 1220 178 GRISPI

196 250 289 296 fide
321 250 610 311 popularium
644 249 790 295 minus
816 248 1046 305 crederet3
1080 251 1166 308 ita,
1202 267 1485 314 quocumque
1518 257 1590 301 in-

159 347 429 405 2tenderat‚
472 362 544 391 res
590 345 808 392 advorsae
845 354 983 393 erant.
1054 349 1150 394 Sed
1184 350 1300 417 inter
1333 358 1409 397 eas
1442 368 1590 400 moras

199 451 389 506 repente
432 459 529 488 sese
565 442 778 489 Metellus
816 460 919 490 cum
956 447 1153 492 exercitu
1179 447 1396 503 ostendit3
1431 451 1593 496 Numi-

203 542 291 587 dae
337 541 396 585 ab
439 541 662 602 Iugurtha
708 557 794 602 pro
838 548 1047 603 tempore
1095 546 1240 604 parati
1284 546 1596 607 instructique}

172 638 318 697 Sdein
357 639 580 699 proelium
625 639 846 700 incipitur.
917 640 1023 696 Qua
1056 642 1102 685 in
1135 648 1267 702 parte
1300 658 1380 688 rex
1414 659 1597 708 pugnae
1633 687 1642 704 ,,

204 779 370 815 tenderat
401 780 784 825 plusquamperfectum
817 793 880 826 pro
913 782 1122 832 imperfecto
1164 783 1318 829 positum
1358 797 1434 821 esse
1472 792 1599 824 censet,

207 841 314 886 Quod
337 841 469 875 falsum
494 853 568 875 esse
589 841 705 886 quivis
727 842 834 879 facile
868 843 1022 887 videbit,
1054 845 1115 889 qui
1132 846 1380 891 reputaverit,
1419 849 1599 884 consili-m

207 913 348 947 semper
371 903 580 947 praecedere
602 915 678 937 rem
702 903 884 945 effectam,
918 916 1029 950 eoque
1050 909 1146 941 recte
1167 906 1255 942 illud
1276 908 1444 950 verbum,
1475 909 1514 944 in
1530 922 1600 955 qno

210 962 349 997 consilii
373 962 469 998 notio
491 964 603 1007 inest,
628 965 971 1010 plusquamperfecto
994 966 1184 1002 enunciari.
1230 967 1307 1003 Non
1330 968 1402 1003 alia
1420 970 1518 1007 ratio
1537 975 1602 1017 est,

211 1035 276 1059 cnr
299 1024 408 1058 verba
430 1035 552 1069 posse,
586 1026 696 1068 velle,
730 1027 831 1070 licet,
860 1028 977 1071 placet
1010 1027 1057 1061 ad
1088 1028 1246 1062 futurum
1279 1032 1414 1072 tempus
1435 1031 1548 1066 relata
1567 1034 1604 1067 et

212 1096 296 1120 cum
328 1074 400 1119 alin
433 1085 571 1119 actione
606 1087 807 1122 consociata
837 1089 956 1123 futuro
981 1091 1102 1123 exacto
1126 1092 1322 1133 pennum,
1349 1090 1433 1125 dnm
1454 1081 1605 1129 ultorum

212 1146 362 1180 verbum
394 1146 530 1180 futuro
547 1147 661 1190 primo
688 1148 845 1185 effertur.
891 1151 946 1183 De
969 1161 1039 1194 qua
1061 1160 1100 1182 re
1126 1159 1296 1192 perquam
1319 1151 1506 1194 prudenter
1526 1154 1605 1189 An-

213 1212 342 1254 gustus
365 1206 569 1242 Matthias
559 1219 595 1241 m
622 1208 780 1242 Excursu
803 1209 846 1243 ad
875 1209 949 1243 Cic.
974 1221 1025 1244 or.
1051 1208 1088 1242 in
1111 1209 1214 1244 Catil.
1236 1210 1297 1253 lv,
1321 1212 1356 1254 6,
1382 1212 1440 1247 11.
1464 1225 1501 1258 p.
1523 1215 1605 1251 239.

216 1268 359 1315 ,‚Mihi,
381 1268 514 1312 inquit,
537 1268 572 1302 in
596 1268 654 1303 his
677 1268 832 1304 Romani
855 1268 891 1303 id
914 1273 1092 1313 spectasse
1113 1269 1301 1312 videntur,
1331 1274 1446 1317 quod,
1468 1276 1608 1313 etiamsi

216 1331 392 1372 actiones,
425 1341 518 1374 quae
545 1330 660 1365 verbis
687 1341 810 1376 posse,
842 1330 951 1372 velle,
973 1333 1039 1364 ete.
1066 1330 1309 1374 declarantur,
1329 1334 1525 1371 continuari
1546 1332 1609 1373 ness·

216 1380 312 1426 cesse
333 1390 402 1432 sit,
425 1391 510 1424 dum
534 1390 627 1424 actio
651 1391 697 1426 ab
721 1390 765 1424 iis
788 1391 949 1435 profecta
970 1390 1171 1435 perficitur,
1206 1396 1323 1426 tamen
1344 1399 1523 1439 potestas,
1546 1410 1609 1433 ve-

218 1454 355 1494 luntas,
379 1455 444 1486 etc.
467 1451 676 1494 praecedere
698 1451 809 1486 etiam
832 1451 959 1486 debent
983 1451 1095 1496 ipsam
1118 1462 1220 1494 rem,
1228 1463 1329 1490 nce
1336 1454 1524 1500 quisquan
1542 1470 1610 1493 um.

217 1524 328 1558 quam
351 1523 427 1546 rem
450 1512 681 1557 aggreditur,
713 1512 780 1546 nisi
804 1515 959 1556 potestas
987 1523 1031 1548 ac
1053 1513 1217 1548 voluntas
1246 1524 1327 1548 enm
1347 1519 1384 1587 et
1403 1518 1612 1565 suscipiendi

218 1579 255 1611 et
275 1572 479 1619 perficiendi
501 1577 605 1607 antea
627 1573 801 1608 affuerim

313 1637 347 1678 §.
370 1634 406 1670 2.
434 1638 469 1669 ct
492 1634 526 1669 3.
574 1636 820 1681 instructique]
846 1635 885 1669 ln
907 1633 1030 1669 multis
1051 1635 1152 1670 codd.
1175 1635 1316 1672 additur
1336 1643 1428 1682 cunt,
1453 1639 1490 1676 ἰ.
1512 1643 1612 1678 dm.

220 1699 288 1732 bns
311 1701 430 1738 erant,
462 1696 524 1730 sed
545 1707 614 1730 non
638 1697 759 1731 eodem
784 1696 874 1730 loco.
921 1696 1032 1731 Recte
1054 1707 1140 1731 vero
1161 1697 1261 1732 abest
1282 1699 1429 1734 verbum
1452 1703 1614 1740 snbstan-

221 1757 337 1795 tivum
363 1768 386 1791 a
408 1756 509 1791 codd.
542 1756 725 1799 Paeonii,
758 1755 925 1799 (hateri,
956 1756 1076 1792 Leidd.
1108 1762 1253 1801 excepto
1273 1758 1333 1802 K„
1357 1760 1475 1797 Mar-k.
1499 1767 1544 1800 Γ.
1567 1770 1614 1804 Α,

222 1818 360 1855 Bodlei.
392 1818 474 1852 Seu.
506 1817 615 1852 Febr.
648 1818 681 1852 1.
705 1817 740 1852 2.
772 1816 922 1852 Eccard.
956 1818 1077 1854 Guelf.
1110 1818 1144 1853 2.
1179 1818 1238 1852 1⁰.
1269 1819 1327 1853 12.
1358 1820 1479 1858 Berol.
1513 1826 1554 1863 1..
1576 1821 1611 1864 2,

223 1880 331 1916 Misn.
351 1879 465 1916 Paris.
489 1879 524 1913 b.
549 1889 581 1912 c.
603 1888 639 1914 x.
661 1890 692 1912 z.
720 1897 768 1904 —
807 1878 952 1924 Pugnae
985 1879 1082 1914 deest
1104 1879 1141 1913 in
1171 1879 1254 1914 Seu.
1278 1879 1313 1914 2.
1336 1881 1463 1918 Hense.
1493 1886 1614 1924 cnon,

222 1942 259 1980 4.
275 1942 333 1977 11.
352 1945 387 1977 et
407 1940 501 1977 Med.
522 1938 557 1976 9.
583 1938 714 1974 Omisit
736 1940 889 1982 Cor-tius,
913 1951 1102 1984 recoquens
1123 1940 1290 1975 eramben
1306 1953 1408 1978 suam
1431 1945 1476 1980 de
1498 1947 1616 1984 brevi.
1679 1963 1682 1965 ·

226 2007 301 2039 tate
319 2002 550 2046 Sallustiana,
575 2012 666 2045 qnae
688 2001 795 2036 istam
809 2012 931 2035 vocem
951 2005 1120 2046 tanquam
1142 2012 1438 2046 supervacaneam
1453 2014 1616 2054 aqu-23

228 2064 263 2099 ei
287 2064 438 2099 credidit
462 2062 672 2097 Gerlachins
696 2067 792 2106 tum,
823 2074 933 2108 quum
965 2064 1003 2099 in
1034 2063 1120 2100 Ven.
1143 2063 1179 2098 l.
1201 2062 1390 2101 invenisset
1414 2078 1476 2102 ret
1497 2071 1620 2115 ads-fe

226 2136 383 2172 pugnae.
432 2123 503 2157 Sed
536 2124 722 2169 egregium
757 2135 907 2160 acumen
941 2137 1044 2160 sunm
1077 2124 1113 2158 in
1144 2124 1355 2159 Commentt.
1382 2136 1418 2169 p.
1438 2122 1534 2162 311.
1561 2129 1619 2165 Ιιίι

229 2185 348 2221 verbis
373 2185 570 2230 proditum:
595 2186 714 2228 „unde
734 2191 870 2231 patet
900 2197 1045 2232 pugnae
1068 2196 1092 2221 n
1113 2185 1270 2220 librariis
1289 2185 1496 2230 additnm,“
1516 2189 1619 2226 nihili

229 2258 307 2282 esse
329 2246 365 2280 in
388 2247 441 2280 ed.
466 2246 552 2282 min.
578 2247 748 2290 ostendit,
780 2247 843 2282 nbi
877 2248 923 2282 ad
946 2248 1131 2292 vulgatam
1161 2246 1278 2282 rediit.
1323 2247 1465 2284 Merito.
1509 2249 1622 2286 Nun·

230 2308 326 2344 enim
350 2319 476 2342 caussa
501 2313 573 2349 est,
605 2320 668 2343 cnr
690 2309 795 2353 pauci
817 2309 918 2346 codd.
951 2308 1121 2354 protritae
1150 2307 1367 2342 auctoritatis
1385 2309 1492 2355 longe
1515 2321 1621 2356 pree·

231 2368 454 2406 stantissimis
476 2370 730 2413 praeferantur.
754 2389 801 2396 ·-—
833 2371 918 2404 Post
940 2375 1112 2405 certatum
1135 2369 1238 2414 pauci
1259 2369 1344 2404 libri
1365 2367 1535 2404 adiiciunt
1554 2375 1620 2412 eet,

232 2440 303 2475 qno
333 2440 402 2464 non
436 2433 489 2464 est
520 2441 620 2474 opus.
650 2449 700 2458 —-
730 2431 771 2466 In
802 2431 913 2465 verba
954 2432 1060 2465 oeten·
1091 2432 1165 2466 eim
1196 2430 1324 2465 mium
1362 2429 1508 2473 plurimi
1535 2430 1620 2465 libri

235 2502 351 2525 omnes
384 2489 565 2534 inseruut3
598 2493 657 2526 sed
691 2503 800 2538 quun:
826 2491 898 2526 hnc
921 2492 1133 2526 vocabulum
1164 2491 1201 2525 in
1224 2489 1305 2526 ulii·
1326 2495 1405 2535 pout
1426 2492 1552 2534 ceteri,
1583 2491 1622 2527 in

236 2552 317 2587 aliis
339 2556 417 2596 poet
440 2553 514 2585 cius
546 2553 757 2587 collocatum
780 2553 845 2595 sit,
881 2563 904 2587 a
935 2552 1043 2586 Bern.
1074 2563 1157 2585 vero
1182 2551 1215 2585 1.
1249 2551 1326 2585 Eri.
1351 2550 1454 2587 uun.
1478 2552 1562 2587 Ven.
1586 2551 1622 2587 1.

236 2612 328 2648 Min.
351 2612 388 2649 2.
412 2612 506 2647 Med.
529 2611 565 2646 4.
592 2616 628 2646 et
650 2613 797 2647 Barber.
821 2612 856 2648 5.
880 2612 992 2654 absit,
1025 2613 1094 2646 hnc
1113 2611 1202 2646 satis
1222 2615 1355 2646 eertum
1378 2612 1623 2649 documentum

237 2677 311 2717 est,
336 2685 359 2709 a
380 2672 536 2708 librariis
560 2673 758 2717 profectum
783 2685 877 2715 esse,
903 2673 1029 2718 quibus
1052 2672 1214 2707 Sallustii
1236 2673 1345 2707 verba
1365 2673 1410 2708 nd
1435 2673 1625 2718 per-pieni-

236 2738 347 2771 tatem
370 2735 427 2769 vel
449 2733 662 2781 gravitatem
686 2734 875 2768 sententiae
904 2745 973 2768 non
1004 2734 1168 2769 sufficere
1198 2731 1408 2769 viderentur.
1454 2735 1626 2770 Parme·
