1716 2996
169 193 257 235 258
551 187 597 231 G.
627 187 947 232 SALLUSTI
979 151 1201 234 CRISPI

171 323 226 354 ac
261 307 299 352 si
332 305 485 350 hostes
522 305 761 365 adessent,
797 306 918 351 vallo
954 312 1093 367 atque
1126 296 1251 353 foss'a
1282 310 1469 368 munire,
1504 311 1572 355 vi-

171 404 303 467 gilias
354 403 538 449 crebras
586 418 784 464 ponere,
826 410 873 448 et
907 420 982 449 eas
1017 405 1118 466 ipse
1152 421 1257 450 cum
1284 406 1450 468 *legatis
1485 408 1573 452 cir-

175 503 369 556 cumire3
414 501 525 545 item
570 500 617 545 in
651 500 832 561 agmine
867 501 913 545 in
947 502 1103 562 primis
1138 502 1306 561 modo,
1350 505 1490 550 modo
1528 506 1574 550 in

169 598 437 661 postremis,
473 613 615 658 saepe
649 598 695 642 in
730 597 884 643 medio
921 598 1102 657 adesse,
1135 615 1195 645 ne
1230 601 1468 661 quisquam
1497 617 1575 646 or-

172 697 277 743 dine
313 695 635 758 egrederetur,
681 696 747 740 uti
782 711 886 741 cum
922 697 1057 758 signis
1093 697 1352 756 frequentes
1386 698 1573 744 incede-

169 843 282 878 locum
314 840 510 885 constipata
541 844 577 876 et
609 840 712 886 quasi
744 843 924 875 coarctata
952 842 1092 876 minimo
1116 843 1304 878 intervallo
1329 855 1353 877 a
1371 855 1413 878 sse
1437 843 1574 878 distant

171 905 230 939 vel
253 914 290 938 se
316 903 515 947 excipiunt5
547 906 670 937 contra
686 904 854 947 frequens
876 902 920 935 de
942 902 986 936 iis
1010 903 1157 946 dieitur,
1184 916 1336 948 quorum
1360 916 1493 950 magna
1514 915 1575 939 co-

171 964 232 1010 pia
262 967 324 998 aut
352 963 543 998 multitudo
577 964 698 1005 adest,
731 962 784 998 ita
806 968 845 997 ut
870 964 920 998 ad
945 964 1072 999 iustum
1096 969 1159 1000 aut
1182 971 1274 1001 certe
1295 977 1465 1012 magnum
1488 978 1575 999 nu-

172 1036 338 1061 merum
363 1025 452 1059 nihil
475 1024 576 1058 desit.
625 1023 739 1069 Igitur
763 1025 905 1059 crebrae
927 1026 1076 1070 vigiliae
1100 1029 1182 1060 sunt
1203 1027 1356 1063 minimis
1378 1028 1573 1062 intervallis

169 1088 332 1133 positam,-
365 1086 412 1121 cf.
437 1098 467 1122 c.
493 1086 661 1128 XCVIII,
684 1085 720 1120 6.
757 1086 949 1121 Crebris
971 1086 1114 1132 ignibus
1130 1088 1243 1131 sactis
1266 1089 1411 1122 barbari
1434 1087 1575 1122 laetari.

172 1149 270 1191 CVI,
295 1148 331 1182 4.
369 1147 412 1181 In
443 1149 567 1182 castris
600 1147 695 1193 ignis
725 1157 832 1192 quam
865 1147 1175 1182 creberrimos
1201 1150 1288 1194 fieri
1321 1151 1428 1184 iubet.
1464 1150 1513 1192 L,
1539 1149 1574 1182 1.

173 1209 398 1243 Existumans
422 1207 530 1243 hostis
553 1211 720 1243 erebro
744 1208 876 1251 impetu
899 1208 968 1241 iter
993 1219 1095 1243 suum
1119 1216 1326 1252 moraturos,
1350 1211 1374 1246 i.
1393 1222 1424 1246 e.
1441 1209 1574 1254 saepis·

172 1270 262 1306 sime
293 1268 442 1313 repetito
474 1270 609 1314 impetu
639 1273 674 1304 et
707 1268 934 1302 vehementer
967 1273 1126 1315 urgente.
1174 1271 1243 1306 Sed
1271 1275 1476 1318 frequente·
1498 1282 1577 1306 cum

172 1331 285 1378 signis
308 1331 483 1374 incedunt,
506 1331 570 1366 ubi
594 1342 714 1365 omnes
737 1330 781 1364 ad
801 1329 903 1374 signa
919 1334 1052 1373 assunt,
1077 1343 1165 1375 quos
1185 1334 1306 1369 adesse
1321 1335 1432 1377 decet,
1455 1343 1576 1379 quem-

173 1392 365 1428 admodum
374 1395 544 1437 frequens
566 1387 708 1426 senatus
732 1389 872 1433 dicitur,
894 1390 925 1425 si
948 1391 1059 1426 iustus
1081 1398 1284 1428 senatorum
1307 1406 1475 1429 numerus
1495 1405 1576 1428 con-

173 1454 283 1491 venit.
310 1471 357 1479 —-
383 1453 458 1487 Eas
482 1450 602 1486 omisit
626 1451 766 1486 Cottius
789 1451 997 1486 auctoritate
1020 1453 1162 1489 Vratisl.
1185 1455 1339 1500 aqum
1363 1454 1578 1490 Gerlachius

172 1515 210 1550 iu
234 1515 430 1549 Comment.
454 1525 488 1558 p.
511 1512 592 1547 283.
630 1513 757 1557 probat
779 1516 922 1556 propter
946 1512 1045 1548 Leid.
1069 1514 1115 1548 Η.
1147 1521 1183 1550 et
1202 1516 1315 1551 Vatic.
1339 1515 1397 1559 5.,
1433 1519 1470 1551 et
1493 1526 1576 1560 sup-

172 1575 264 1621 pleri
287 1586 389 1620 posse
412 1573 519 1609 facile
543 1572 701 1619 largior3
735 1573 796 1608 sed
819 1583 929 1616 quum
954 1574 1123 1617 probatae
1145 1575 1228 1610 fidei
1251 1577 1350 1612 codd.
1376 1589 1497 1612 omnes
1519 1588 1579 1611 re—

171 1638 328 1678 tineant,
360 1634 578 1681 probabilius
610 1634 748 1668 videtur
776 1633 910 1668 scribas
934 1645 1058 1668 vocem
1092 1636 1147 1670 vel
1178 1638 1397 1684 negligentia
1420 1637 1580 1672 omisisse

173 1699 234 1732 vel
256 1696 424 1741 loquendi
446 1707 529 1730 usus
551 1695 755 1741 ignorantia
779 1696 959 1730 circumire
983 1696 1142 1732 absolute
1168 1697 1391 1735 inteilexisse.
1417 1699 1579 1735 Solennis

173 1762 227 1794 est
251 1762 369 1793 autem
393 1757 550 1792 formula
570 1757 716 1803 vigilias
740 1757 922 1791 circumire
951 1751 995 1790 de
1025 1757 1091 1802 iis,
1126 1759 1187 1803 qui
1216 1761 1360 1806 vigilias
1390 1761 1581 1805 inspiciunt

174 1824 212 1856 et
233 1821 415 1865 explorant
446 1830 532 1853 num
557 1818 676 1852 omniu
697 1822 792 1852 recte
815 1830 852 1852 se
875 1819 1051 1861 habeant3
1083 1820 1127 1854 cf.
1161 1821 1255 1855 infra
1278 1822 1328 1864 C,
1351 1821 1386 1856 4.
1419 1823 1578 1856 Gronov.

175 1882 222 1917 ud
244 1881 327 1917 Liv.
357 1881 472 1922 XXII,
496 1880 531 1923 1,
555 1879 592 1914 8.
614 1881 770 1925 Herzog.
797 1880 843 1914 ad
867 1880 968 1914 Caes.
994 1881 1037 1914 Β.
1063 1881 1108 1915 G.
1133 1882 1175 1925 V,
1199 1882 1234 1923 2,
1257 1882 1293 1916 1.
1315 1881 1411 1925 Lips.
1434 1883 1479 1916 de
1502 1882 1578 1915 mil.

174 1943 218 1986 V,
242 1943 277 1978 9.
310 1942 475 1977 Ceterum
510 1941 691 1975 circumire
722 1944 840 1975 tenent
861 1941 946 1975 Bas.
971 1940 1005 1974 l.
1038 1941 1204 1978 Arondel.
1236 1942 1380 1979 Balliol.
1410 1942 1510 1977 Leid.
1539 1942 1576 1976 L.

176 2005 266 2040 'hm
279 2004 314 2039 1.
337 2002 565 2047 nonnullique
580 2001 663 2044 alii3
687 2002 793 2036 ceteri
818 2003 948 2036 habeut
971 2002 1127 2044 circuire,
1152 2004 1245 2048 quod
1267 2003 1384 2038 miuus
1406 2004 1577 2048 probum;

177 2076 212 2101 v.
236 2065 281 2099 ad
305 2076 336 2099 c.
361 2064 496 2105 XLIX,
518 2063 553 2097 2.
578 2082 624 2088 --
658 2063 714 2097 Ne
738 2064 967 2108 quisquam
991 2063 1138 2107 plurimi
1162 2065 1263 2099 codd.
1287 2067 1422 2106 tenent3
1458 2064 1518 2098 sed
1540 2062 1579 2097 in

176 2125 257 2161 Vin.
281 2125 317 2160 1.
342 2125 376 2159 2.
402 2125 483 2159 Seu.
508 2125 540 2160 1.
564 2124 600 2160 2.
627 2124 754 2161 Heuss.
777 2125 861 2158 Bas.
887 2125 919 2158 l.
948 2125 1067 2159 Guelr.
1094 2125 1129 2161 1.
1152 2126 1188 2160 4.
1212 2124 1310 2162 [οἰδ.
1334 2125 1380 2159 Κ.
1405 2125 1446 2160 Ia.
1483 2124 1577 2169 quis·-

175 2188 274 2233 piam
297 2190 423 2228 exstat,
451 2186 544 2231 quod
569 2185 708 2220 Cottius
732 2190 766 2220 et
790 2185 1000 2220 Gerlachius
1025 2198 1209 2231 perperam
1223 2189 1450 2231 receperunt3
1474 2185 1579 2220 cf.ad

179 2247 286 2283 Catil.
309 2247 359 2290 V,
382 2247 418 2282 3.
452 2250 487 2281 et
511 2246 679 2289 XXXVI,
703 2245 738 2280 5.
772 2247 957 2282 Heindorf.
981 2247 1027 2281 ad
1051 2247 1123 2282 Cic.
1150 2248 1194 2281 de
1216 2247 1259 2282 N.
1285 2248 1327 2280 Β.
1353 2247 1428 2289 111,
1451 2245 1495 2285 4,
1518 2244 1576 2279 11.

177 2308 395 2343 Bamshorn.
420 2308 583 2342 Gramm.
607 2307 685 2342 Lat.
709 2311 742 2351 §.
765 2308 824 2343 8¹1.
846 2321 883 2353 p.
908 2308 989 2344 147.
1013 2311 1048 2342 et
1070 2311 1103 2352 §.
1127 2308 1218 2352 160,
1242 2308 1278 2342 2.
1303 2311 1374 2341 not.
1387 2305 1421 2341 5.
1445 2317 1479 2350 p.
1495 2305 1576 2339 3²2.

179 2370 273 2414 Aug.
297 2369 505 2403 Grotefeudi
529 2370 652 2404 Gram.
676 2369 754 2403 Lat.
779 2370 887 2414 ampl.
911 2369 991 2404 Vol.
1007 2370 1051 2404 11.
1074 2372 1108 2412 §.
1129 2369 1189 2403 96.
1213 2368 1271 2402 9⁷.
1304 2379 1338 2411 p.
1361 2366 1409 2400 80
1423 2377 1475 2409 sq.
1502 2366 1578 2398 Has

178 2441 286 2465 voces
311 2429 442 2474 ubique
464 2432 538 2465 fere
562 2430 599 2464 in
630 2431 731 2465 codd.
755 2431 922 2466 confundi
953 2442 1029 2465 non-
1053 2431 1168 2465 solum
1189 2427 1400 2473 intelligitur
1423 2437 1465 2460 ex
1488 2425 1578 2459 loeis

179 2491 354 2533 laudatis,
377 2492 437 2526 sed
461 2496 632 2527 testantur
654 2492 762 2527 etiam
786 2491 1094 2527 Drakenborchius
1117 2491 1163 2525 ad
1186 2489 1263 2524 Liv.
1288 2487 1433 2529 XXXV,
1457 2485 1516 2529 42,
1538 2485 1575 2520 ⁷.

180 2555 217 2587 et
239 2552 432 2587 Creuzerus
460 2553 506 2586 ad
531 2553 603 2587 Cic.
630 2553 673 2587 de
697 2554 808 2599 Legg.
833 2555 901 2595 111,
929 2553 971 2596 8,
995 2552 1054 2587 18.
1080 2553 1200 2595 Quare
1222 2561 1292 2584 non
1312 2548 1463 2582 debebat
1487 2547 1577 2581 Ger-

179 2612 320 2647 luchina
350 2613 403 2647 uti
438 2614 637 2648 testimonio
661 2615 784 2649 Iustini
807 2614 1008 2655 XXXVIII,
1032 2612 1056 2646 7
1068 2637 1078 2655 ‚
1103 2611 1140 2647 2.
1175 2611 1223 2645 ad
1255 2609 1426 2655 quispiam
1459 2608 1579 2642 defen-

180 2674 344 2712 (lendum.
390 2675 446 2710 lta
479 2678 574 2709 certe
606 2685 706 2709 suam
740 2675 824 2710 fecit
857 2672 1141 2709 Drakenborchii
1173 2671 1402 2712 sententiam,
1437 2669 1498 2713 qni
1531 2669 1576 2702 ad

181 2734 275 2770 Livii
298 2736 320 2770 l.
339 2736 363 2770 1.
387 2747 479 2780 „eur
499 2736 694 2781 quisquam,
717 2735 842 2779 inquit,
867 2734 983 2779 aptius
1013 2734 1059 2768 sit
1090 2743 1198 2777 quam
1225 2732 1422 2777 quispiam,
1447 2740 1578 2764 caus-

181 2805 274 2830 sam
302 2806 386 2832 non
413 2795 589 2833 video.“
621 2814 667 2821 —
696 2797 750 2830 De
772 2806 874 2830 more
900 2795 1048 2830 militiae
1071 2795 1258 2829 Romanae
1281 2793 1393 2827 cibum
1416 2796 1452 2826 ct
1474 2801 1578 2824 anna
