1716 2996
213 164 300 206 552
589 162 637 205 C.
667 161 1010 206 SALLUSTI
1048 163 1273 209 CRISPI

153 291 204 330 10
215 260 284 323 uti
315 278 505 339 coepisti
547 295 707 340 perge.
786 279 936 324 Multa
977 258 1111 339 utque
1151 289 1408 342 opportuna
1449 283 1607 343 habes,
1678 282 1689 288 ”

152 387 200 427 11
217 366 308 436 duo
352 376 525 421 facilius
573 383 719 421 errata
769 376 929 421 officiis
976 363 1175 438 superes.
1245 379 1481 425 Postremo
1517 382 1610 427 hoc

217 473 264 518 in
298 479 457 534 pectus
492 479 618 518 tuum
654 474 867 531 demitte,
902 489 1145 534 numquam
1179 476 1402 538 populum
1434 478 1609 523 Roma-

216 630 358 676 patz'ens
387 630 469 665 tulit
499 630 634 665 absolvi
655 642 765 671 reum.
812 631 853 665 In
876 630 954 665 edd.
980 634 1033 665 est
1055 635 1338 678 quantoque,
1368 623 1461 678 quod
1484 633 1614 668 falsum

218 702 294 725 esse
325 694 404 725 tum
426 694 523 735 patet
545 702 588 726 ex
618 692 768 736 copula,
805 702 876 736 qua
915 693 1027 727 altera
1059 703 1183 727 caussa
1212 693 1370 735 additur,
1392 698 1468 729 tum
1491 706 1533 729 ex
1557 706 1613 738 eo,

218 752 314 797 quod
337 751 600 796 comparativus
622 764 692 787 uon
714 752 882 797 sequitur.
906 772 953 778 —
983 754 1038 787 De
1067 752 1106 788 vi
1133 765 1199 799 per
1221 751 1489 799 praepositionis
1510 767 1545 790 v.
1569 755 1616 791 ad

219 825 250 847 e.
272 813 394 856 LXIV,
418 813 453 847 3.

311 877 346 918 ἓ.
373 874 430 909 10.
477 875 590 909 multa
615 879 720 920 atque
744 874 963 920 opportuna]
1009 876 1122 922 Atque
1153 877 1281 920 copula
1309 875 1346 910 in
1368 879 1490 914 multis
1513 867 1614 915 codd.

218 936 326 978 deest,
349 946 462 980 neque
482 945 562 970 eam
587 936 756 978 expressit
781 936 954 978 Weisius,
986 941 1203 982 repugnante
1224 950 1288 972 usu
1311 937 1460 973 dicendi.
1507 939 1616 975 Nam-

219 1009 288 1042 que
311 997 374 1031 ubi
397 999 527 1032 multus
549 1007 672 1033 vocem
703 996 802 1031 aliud
825 997 1040 1032 adiectivum
1071 998 1218 1043 excipit,
1249 1009 1319 1033 nou
1332 996 1551 1049 Χινῖσυνδέτιικς
1572 1012 1618 1036 ea

220 1062 410 1103 ponuntur,
433 1059 507 1101 sed,
530 1061 569 1092 ut
584 1058 696 1102 poscit
712 1057 909 1093 communis
923 1070 1005 1093 usus
1031 1058 1114 1103 (qui
1137 1070 1224 1103 quas
1247 1060 1465 1104 exceptiones
1485 1061 1620 1097 haheat

222 1119 374 1153 diximus
397 1119 443 1153 ad
467 1131 498 1157 e.
523 1119 683 1162 xxvm,
707 1119 741 1170 43
767 1123 802 1154 et
826 1120 940 1162 XXX,
967 1119 1042 1165 3.),
1064 1131 1127 1164 per
1149 1121 1314 1164 copulem
1335 1121 1547 1167 iunguntur.
1570 1123 1618 1161 cf.

221 1179 378 1224 Zumptii
410 1180 571 1214 Gramm.
606 1180 682 1214 Lat.
719 1182 751 1222 §-
785 1179 844 1222 85,
880 1179 937 1215 18.
970 1193 1003 1225 p.
1035 1181 1116 1216 509.
1149 1182 1202 1216 ed.
1226 1182 1284 1218 lv,
1307 1186 1343 1217 et
1364 1183 1551 1220 Bremium
1573 1183 1620 1218 ud

222 1240 311 1284 Nep.
336 1240 484 1274 Eumen.
510 1251 540 1273 c.
566 1240 610 1282 Π,
633 1240 680 1284 3.,
706 1240 767 1284 qui
789 1244 884 1274 recte
915 1244 1034 1275 monet
1065 1241 1159 1275 hanc
1190 1242 1327 1276 dicendi
1358 1243 1530 1278 rationem
1554 1244 1619 1279 Iau-

223 1301 306 1336 tinis
337 1313 418 1335 cum
449 1300 594 1335 Graecis
626 1311 702 1334 esse
726 1312 947 1335 communem
979 1301 1139 1345 quidem,
1169 1303 1230 1336 sed
1259 1314 1327 1337 nou
1357 1303 1555 1339 imitatione
1577 1317 1621 1340 ex

225 1363 445 1397 Graecorum
467 1361 591 1406 lingua
614 1361 834 1406 desumptam
848 1387 860 1404 ,
892 1361 928 1396 iu
960 1373 1030 1406 qua
1060 1363 1230 1398 sententia
1252 1368 1304 1399 est
1325 1364 1552 1400 Heindorfius
1574 1366 1621 1401 ad

225 1425 313 1459 nor.
339 1422 413 1458 Sat.
437 1423 482 1464 11,
504 1422 540 1466 3,
565 1421 600 1456 9.
624 1422 742 1456 Beier.
766 1422 811 1456 ad
834 1422 908 1456 Cic.
931 1423 1031 1457 lael.
1059 1434 1092 1458 c.
1117 1422 1153 1466 9,
1175 1423 1233 1459 30.
1258 1436 1293 1469 p.
1318 1424 1375 1460 51.
1407 1426 1499 1472 Aug.
1523 1428 1621 1463 Mat-

225 1485 321 1520 thias
345 1485 506 1519 Gramm.
532 1483 596 1516 Gr.
621 1483 731 1528 umpl-
757 1485 791 1525 ἓ.
813 1483 895 1527 444,
919 1483 953 1518 4.
979 1495 1013 1527 p.
1038 1484 1118 1519 coll.
1146 1485 1263 1521 Hand.
1286 1486 1330 1520 de
1351 1487 1506 1523 Pau-tice.
1527 1489 1622 1525 Late.

226 1546 374 1582 v01.‘11.
396 1558 431 1591 p.
456 1545 539 1580 4⁴15.
563 1547 597 1588 §.
620 1545 655 1580 2.
679 1556 714 1580 V.
738 1544 842 1579 Catil.
872 1555 902 1577 c.
927 1544 1017 1593 XX,
1041 1544 1076 1579 3.
1135 1545 1260 1581 Multis
1292 1551 1327 1582 et
1361 1549 1504 1594 magnis
1534 1554 1625 1585 teu-

225 1605 608 1655 pestatibus.1.1,35.
662 1606 779 1641 Multa
802 1610 838 1640 et
861 1605 964 1639 varia
987 1605 1146 1652 ingenia.
1179 1608 1257 1654 lug.
1280 1608 1324 1651 V,
1345 1608 1381 1642 4.
1405 1610 1564 1653 xxvm,
1587 1609 1623 1646 5.

227 1669 389 1738 XXXII,
422 1668 456 1702 2.
483 1668 590 1710 LXII,
611 1666 645 1701 9.
670 1667 797 1701 LXXV
801 1666 872 1709 111,
903 1664 938 1702 5.
963 1665 1080 1702 Tacit.
1106 1668 1194 1705 Anu.
1216 1669 1289 1711 111,
1313 1669 1382 1713 27,
1406 1669 1443 1704 ὃ.
1465 1690 1512 1697 -
1548 1672 1625 1715 Quo

228 1709 367 1765 Curtius
389 1740 580 1774 perperam
603 1727 688 1763 dicit
710 1739 774 1772 pro
798 1728 920 1773 quibus
943 1727 1098 1772 positum
1124 1739 1209 1763 esse.
1257 1730 1334 1764 Non
1356 1731 1509 1766 refertur
1530 1732 1625 1768 enim

229 1791 280 1827 ed
298 1791 454 1835 nomina,
478 1801 570 1835 quae
593 1790 815 1841 praecedunt,
841 1790 954 1824 multa
978 1794 1050 1834 atq.
1073 1795 1281 1834 opportuna,
1304 1791 1363 1825 sed
1387 1792 1626 1839 adintegratur
1663 1825 1666 1828 Δ

229 1851 529 1894 mundationem,
551 1862 661 1895 quam
684 1851 887 1896 generalem
910 1850 1116 1885 reiationem
1140 1852 1329 1886 vernacula
1354 1852 1478 1899 lingua
1501 1855 1627 1896 reddas

231 1913 341 1948 durch
373 1913 525 1946 welchen
564 1912 597 1945 U
603 1912 797 1946 mntand.
835 1912 885 1947 cf.
918 1901 1063 1958 Fmgm.
1097 1912 1251 1949 Historr.
1282 1913 1344 1956 111,
1375 1913 1434 1956 22,
1461 1913 1520 1949 15.
1571 1915 1627 1951 Ne

231 1985 291 2008 vos
316 1974 364 2007 ad
387 1974 555 2008 virilia
579 1973 673 2007 illa
695 1984 834 2015 vocem,
867 1986 950 2020 quo
982 1975 1139 2009 tribunos
1158 1974 1254 2019 plebi
1275 1993 1324 2000 —
1346 1975 1495 2009 maiorer
1515 1977 1628 2012 vostri

231 2045 418 2079 paravere.
485 2035 603 2079 Quam
635 2034 710 2068 lute
737 2039 857 2069 autem
890 2039 1007 2080 pateat
1040 2036 1110 2069 hoc
1141 2034 1343 2070 indefinitae
1372 2035 1551 2071 relationis
1582 2037 1628 2072 ud

232 2096 497 2140 praecedentem
530 2095 738 2131 seutentiam
770 2107 898 2141 genus,
932 2095 1038 2131 facile
1059 2096 1263 2140 assequeris,
1286 2096 1318 2131 si
1339 2106 1395 2138 en,
1418 2107 1510 2141 quae
1531 2098 1576 2131 nd
1595 2109 1627 2135 e.

234 2156 340 2200 Lxu,
364 2157 398 2191 2.
421 2157 467 2191 aa
488 2157 581 2200 xm,
606 2157 641 2191 1.
667 2161 702 2191 et
726 2157 772 2191 aa
796 2158 871 2191 eat.
902 2157 996 2199 1.v1‚
1019 2157 1052 2192 5.
1075 2170 1109 2203 p.
1134 2157 1215 2192 292.
1238 2148 1498 2203 annotavimus,
1520 2170 1628 2203 qm-

233 2228 313 2262 que,
340 2217 423 2252 licet
445 2217 535 2252 inter
557 2230 595 2253 se
618 2217 768 2263 diversa,
798 2218 976 2252 communi
997 2221 1115 2253 tumen
1137 2229 1262 2254 caussa
1283 2218 1461 2265 nituntur,
1483 2224 1520 2255 et
1540 2220 1630 2256 iuter

234 2290 272 2316 ΒΘ
295 2283 329 2314 et
352 2291 432 2313 cum
455 2285 574 2315 nostro
595 2280 674 2314 loco
696 2278 896 2314 contuleris.

331 2343 365 2383 ς.
401 2341 459 2375 11.
506 2341 670 2386 demitte]
718 2339 870 2376 Plurimi
902 2339 1003 2374 codd.
1035 2339 1168 2375 hebent
1198 2340 1358 2382 «limium
1395 2342 1455 2376 sed
1487 2341 1630 2376 demitte

235 2404 351 2436 exstat
374 2400 411 2434 iu
433 2402 545 2436 Vatia.
571 2401 627 2444 A„
651 2400 894 2446 duodeviginti
918 2400 1106 2444 Cottianis,
1131 2402 1226 2441 Med.
1251 2401 1286 2437 5.
1310 2402 1395 2438 Ven.
1416 2401 1452 2436 2.
1474 2405 1510 2436 et
1532 2400 1629 2442 uid.

238 2461 295 2502 K3
318 2472 362 2496 ae
387 2462 445 2495 vel
467 2462 542 2496 tine
565 2463 641 2497 ulia
674 2463 776 2500 codd.
811 2461 1021 2497 auctoritate
1046 2473 1089 2496 ex
1115 2463 1317 2498 coniectum
1339 2462 1389 2497 ite
1409 2461 1631 2497 scribendum

238 2533 316 2557 esse
338 2520 454 2565 quivis
477 2524 655 2566 concedet,
682 2524 742 2568 qui
766 2522 850 2567 quid
874 2522 1013 2557 intersit
1035 2522 1125 2558 inter
1148 2525 1192 2558 de
1214 2527 1250 2558 et
1271 2523 1310 2556 aa·
1331 2523 1556 2568 cognoverim
1583 2524 1631 2559 ef.

238 2594 348 2627 supra
371 2583 416 2616 ad
441 2594 472 2616 c.
498 2583 535 2626 1,
567 2582 602 2617 4.
627 2595 660 2627 p.
683 2584 718 2618 6.
743 2585 834 2626 XX,
857 2584 890 2618 1.
915 2595 950 2628 p.
977 2583 1057 2618 126.
1083 2587 1118 2617 et
1138 2594 1231 2627 quae
1254 2583 1299 2616 de
1320 2583 1494 2618 dimittere
1521 2584 1632 2619 verbo

239 2644 393 2678 diximus
424 2644 470 2678 ad
501 2655 533 2682 c.
563 2644 704 2688 XXXI,
737 2645 793 2678 17.
841 2644 894 2679 Ne
918 2649 1035 2679 tamen
1065 2644 1248 2687 scrupulus
1275 2643 1461 2685 resideret,
1494 2643 1634 2679 Cottius

240 2704 461 2748 comparavit
489 2703 611 2739 lustin.
642 2705 735 2746 vul,
767 2703 802 2748 5,
836 2704 893 2738 11.
951 2705 1079 2739 Crescit
1111 2705 1386 2739 dissimulatione
1415 2705 1492 2750 ipsa
1523 2705 1632 2745 dolor,

241 2765 304 2800 hoe
338 2765 488 2800 altius
520 2765 768 2807 deminus,
803 2777 869 2810 quo
902 2766 1015 2800 minus
1051 2765 1208 2811 profiteri
1244 2766 1335 2801 licet.
1371 2765 1460 2800 San.
1492 2765 1568 2811 lug.
1599 2776 1632 2799 c.
