1702 2982
225 176 282 216 32
602 174 1004 217 C.SALLUST1
1039 176 1262 217 chSPl

225 305 481 351 cognomen
531 305 587 334 ex
635 292 794 335 virtute
842 291 947 348 fuit,
1004 293 1146 336 multa
1193 298 1237 337 et
1285 293 1517 352 praeclara
1562 295 1624 338 rei

226 389 421 433 militaris
469 387 670 432 facinora
716 389 907 446 fecerat,
957 391 1017 434 ob
1063 406 1179 449 quae
1216 390 1342 434 victis
1380 389 1623 451 Carthagi—

222 513 253 547 si
276 512 326 546 ita
346 510 479 554 ceperis
505 511 729 544 sententiam:
768 511 918 545 Antonio
943 524 1189 556 nusquam,
1228 513 1297 546 nisi
1316 510 1353 546 ‘in
1375 513 1622 556 Ῑιὶεήραήίὁηε,

221 579 274 609 est
292 585 361 618 quo
379 585 416 607 se
433 572 590 616 recipiat.
626 560 751 605 ,mm
769 573 858 605 solet
874 573 982 615 recipi
999 573 1146 606 verbum
1165 574 1319 608 construi
1339 573 1367 606 si
1387 574 1530 617 propria
1555 573 1567 606 l
1578 585 1622 606 o·

221 638 262 671 ci
284 637 400 677 notio,
438 634 512 668 ubi
535 633 670 676 aliquid
690 632 878 676 recipitur,
902 634 979 667 sola
1000 634 1118 675 valet3
1150 646 1186 668 v.
1204 635 1303 669 Auct.
1327 635 1371 668 B.
1391 634 1496 678 Hisp.
1516 646 1545 667 c.
1562 634 1620 675 IV,

219 698 255 732 2.
296 697 452 730 Loricati
468 696 535 729 viri
554 696 590 728 in
619 695 715 739 equis
737 694 962 738 recipiuntur.
1012 694 1116 728 ovid.
1140 695 1285 741 Heroid.
1308 695 1365 737 VI,
1382 695 1442 731 20.
1482 696 1522 728 In
1538 696 1624 729 mihi

218 758 378 804 promissi
396 762 500 802 parte
521 760 661 799 recepta
684 755 761 788 tori.
811 755 859 788 Id.
883 755 966 789 Met.
992 757 1037 796 ΙΙ,
1059 756 1140 791 229.
1177 758 1369 801 Sideraque
1398 757 1434 790 in
1462 757 1555 790 coelo
1579 776 1621 780 —

218 826 369 864 recepta.
419 817 556 852 Pariter
579 815 606 849 si
632 816 724 859 apud
750 816 887 850 Petron.
913 828 942 851 c.
969 817 1064 852 XIX.
1099 818 1247 863 legitur:
1275 819 1370 852 vetui
1388 818 1432 851 in
1453 817 1531 851 hoc
1550 817 1621 850 dn·-

219 881 424 917 vcrsorio
454 888 658 924 quemquam
686 877 850 919 admitti,
877 878 911 910 id
937 883 1095 922 respectu
1119 891 1242 913 eorum
1266 878 1326 923 qui
1349 883 1429 913 stant
1447 879 1484 912 in
1506 879 1623 912 diver-

218 945 308 978 sorio
334 943 466 976 (lictum
490 942 559 980 est,
582 949 651 971 non
674 949 796 971 eorum
821 938 880 981 qui
906 939 942 971 in
968 939 1006 972 id
1031 942 1173 975 admitti
1200 941 1363 985 eupiunt3
1398 943 1432 973 et
1456 939 1486 973 si
1509 939 1622 973 Varro

218 1005 263 1039 de
285 1005 323 1038 L.
348 1005 388 1038 L.
417 1002 474 1036 IV.
501 999 587 1033 dixit
613 1010 682 1044 qua
706 999 750 1032 in
780 999 940 1033 Coelio
964 1007 1117 1036 monte
1141 1003 1231 1044 itur,
1255 1002 1291 1035 id
1315 1012 1383 1035 non
1408 1001 1519 1035 alium
1543 1012 1620 1034 sen-

217 1078 296 1101 sum
319 1065 429 1098 habet
455 1061 523 1095 nisi
542 1062 655 1094 hunc:
697 1071 767 1103 qua
797 1060 845 1101 ii,
880 1060 939 1104 qui
965 1061 1001 1094 in
1027 1061 1147 1095 Coelio
1173 1066 1291 1097 monte
1313 1063 1385 1096 iam
1410 1066 1505 1106 sunt,
1538 1067 1623 1097 eunt

218 1130 253 1161 et
276 1125 461 1166 incedunt,
493 1135 606 1167 neque
629 1123 671 1156 de
697 1121 740 1155 iis
764 1121 915 1166 cogitari
939 1126 1071 1166 potest,
1109 1123 1190 1167 qui,
1215 1135 1324 1168 quum
1348 1136 1416 1158 non
1440 1125 1476 1159 in
1499 1125 1621 1159 Coelio

217 1188 308 1229 sint,
340 1197 421 1219 eum
446 1187 600 1218 montem
626 1185 756 1227 petant.
803 1183 872 1216 Ubi
898 1183 990 1217 enim
1015 1183 1050 1217 id
1075 1186 1165 1228 quod
1190 1187 1300 1219 verbo
1324 1187 1531 1222 enunciatur
1551 1199 1619 1221 non

217 1249 321 1283 aliter
345 1251 456 1292 potest
481 1257 586 1289 quam
612 1244 663 1278 ita
686 1243 858 1289 cogitari,
893 1249 932 1279 ut
967 1246 1012 1279 ad
1045 1245 1188 1290 aliquod
1221 1246 1418 1289 obiectum,
1453 1251 1619 1292 tauquam

217 1310 261 1345 ad
293 1310 419 1349 finem,
454 1310 584 1352 spectet
616 1311 652 1340 et
685 1305 875 1349 pertineat,
909 1306 1002 1340 istud
1026 1306 1205 1340 obiectum
1230 1318 1252 1341 a
1275 1308 1339 1342 tali
1363 1310 1472 1343 verbo
1496 1320 1558 1354 per
1580 1311 1618 1343 in

217 1370 511 1416 praepositionem
544 1372 666 1411 aptum
699 1367 795 1400 nuno
828 1370 932 1411 pacto
965 1367 1122 1401 ablativo
1145 1367 1263 1402 efferri
1288 1374 1418 1413 potest,
1452 1371 1520 1405 nisi
1542 1371 1619 1415 quis

216 1431 423 1476 contemptis
453 1429 616 1464 omnibns
646 1432 741 1462 recte
771 1427 948 1473 cogitandi
981 1428 1120 1473 legibus
1159 1430 1307 1464 rusticos
1341 1431 1478 1475 potius,
1512 1444 1619 1477 quam

216 1493 368 1538 optimos
403 1491 542 1526 dicendi
571 1493 733 1524 auctores
772 1489 870 1533 nequi
901 1489 998 1525 velit.
1045 1491 1165 1534 Quare
1204 1493 1404 1535 praefracte
1445 1505 1618 1539 negamus

215 1556 285 1589 dici
306 1565 420 1599 posse,
443 1556 505 1587 aut
527 1562 682 1595 unquam
710 1562 732 1585 a
756 1551 866 1595 probo
889 1550 1060 1595 scriptore
1083 1551 1214 1586 dictum
1238 1564 1323 1595 esse,
1350 1555 1385 1588 in
1410 1561 1533 1589 senatu.
1557 1568 1616 1590 ve-

214 1618 321 1659 nire,
349 1617 383 1649 in
420 1625 491 1658 qua
512 1611 683 1647 sententia
707 1617 758 1647 est
783 1613 866 1646 Ger.
890 1613 942 1646 lo.
968 1612 1065 1646 Voss.
1090 1613 1133 1646 de
1158 1613 1292 1650 Constr.
1318 1627 1347 1650 c.
1372 1616 1442 1651 LV.
1467 1628 1501 1661 p.
1523 1616 1616 1658 585),

215 1682 278 1712 aut
300 1678 337 1711 in
362 1677 463 1721 agris
486 1675 637 1716 abire,
673 1677 734 1707 aut
758 1674 794 1707 in
818 1674 971 1707 hostibus
994 1674 1273 1717 proficisci,
1308 1680 1369 1711 aut
1391 1688 1465 1711 rem
1495 1678 1532 1712 x'n
1552 1689 1616 1723 po—

215 1743 342 1775 testate
367 1737 514 1771 alicue'us
538 1736 846 1775 committere,
871 1734 983 1768 autin
1003 1739 1185 1778 conspectu
1206 1737 1354 1770 alicuius
1378 1739 1616 1779 venire,.et

214 1811 303 1845 quae
326 1802 405 1834 sunt
438 1785 494 1832 his
518 1796 777 1842 stribliginibus
799 1795 952 1836 similia3
986 1805 1099 1839 neque
1123 1807 1185 1829 nos
1217 1802 1337 1831 movet
1360 1798 1453 1842 quod
1478 1798 1615 1833 Cottius

213 1863 258 1897 ad
285 1861 372 1896 Sall.
397 1860 473 1894 Cat.
494 1859 604 1900 xm,
624 1858 658 1893 3.
683 1856 843 1892 Wassius
867 1857 911 1890 ad
937 1856 1014 1890 Cat.
1037 1856 1132 1898 xlx,
1153 1855 1187 1890 2.
1213 1857 1405 1892 Burmann.
1430 1862 1464 1892 et
1488 1859 1614 1893 schef-

214 1925 280 1959 νει.
315 1922 359 1956 aa
393 1920 545 1956 chaeur.
575 1920 688 1953 Fabb.
713 1920 755 1961 V,
781 1919 814 1960 1,
838 1918 896 1953 2⁵.
940 1908 1090 1952 Linacer
1122 1918 1174 1951 vi.
1209 1930 1241 1962 ρ.
1273 1919 1356 1955 631.
1398 1920 1612 1955 Ruddiman.

210 1984 338 2019 Institt.
363 1983 524 2017 Gramm.
561 1981 606 2016 T.
633 1981 675 2014 Π.
709 1992 744 2024 p.
769 1979 839 2014 326
887 1978 1033 2013 Vossius
1057 1980 1081 2014 1.
1109 1980 1156 2022 1.,
1193 1981 1276 2023 alii,
1311 1980 1445 2015 talibus
1473 1981 1614 2025 ineptiis

211 2045 351 2091 patroni
389 2044 552 2078 existunt.
597 2044 636 2078 In
678 2041 922 2088 grammaticis
947 2041 1051 2089 enim
1084 2041 1189 2075 rebus
1221 2042 1396 2076 subtiliter
1418 2042 1614 2077 iudicandis

212 2107 309 2140 nulla
340 2100 412 2139 iilis
444 2108 497 2139 est
527 2103 726 2139 auctoritas.
778 2102 959 2146 Corruptis
994 2105 1114 2136 autem
1144 2102 1230 2137 locis
1254 2107 1331 2138 eta
1355 2103 1528 2147 scriptura
1553 2115 1611 2146 pri--

213 2179 292 2202 rum
317 2165 423 2200 certis
446 2177 504 2199 eos
527 2166 686 2199 seductos
714 2163 822 2197 fuisse
845 2163 1020 2196 neminem
1045 2164 1176 2210 fugiet,
1211 2164 1271 2209 qui
1305 2163 1499 2208 exemplis,
1534 2164 1612 2208 qni-

211 2230 276 2264 bus
308 2229 482 2268 nituntur,
519 2225 719 2260 accuratius
751 2224 940 2268 exploratis
965 2225 1190 2269 cognoverit,
1226 2226 1287 2260 vix
1312 2237 1421 2260 unum
1445 2227 1613 2261 alterum-

212 2301 282 2334 que
313 2288 470 2322 codicem
501 2286 698 2321 abiativum
729 2285 916 2327 exhibere,
955 2285 1106 2320 relicuos
1138 2286 1195 2319 vel
1218 2287 1459 2322 accusativum
1484 2290 1612 2329 tenere,

214 2351 270 2384 vel
294 2349 435 2383 omnino
459 2348 502 2381 de
525 2347 688 2382 codicum
710 2346 881 2390 scriptura
904 2356 1029 2390 parum
1054 2349 1223 2380 constare.
1271 2348 1390 2392 Quare
1410 2346 1510 2380 unice
1527 2359 1610 2391 pro-

214 2413 341 2446 bamus
363 2410 512 2455 prudens
537 2412 572 2442 et
595 2408 888 2451 circumspectum
913 2406 1152 2450 Oudendorpii
1183 2406 1372 2449 iudicium,
1405 2408 1451 2441 ad
1482 2408 1610 2442 Caesa-

213 2484 290 2508 rem
317 2472 375 2506 vel
398 2470 513 2516 potins
538 2469 627 2503 Hirt.
653 2469 696 2502 de
719 2469 763 2502 Β.
791 2469 836 2502 G.
861 2468 954 2509 wll,
978 2467 1013 2509 8,
1037 2467 1071 2502 4.
1105 2468 1285 2503 statuentis
1314 2469 1404 2502 haec
1435 2469 1478 2503 ad
1514 2469 1609 2502 codi—

212 2546 293 2569 cum
317 2532 564 2578 auctoritatcm
588 2535 681 2564 recte
705 2529 927 2563 aestimatam
959 2528 1130 2574 exigenda
1153 2540 1245 2570 esse3
1281 2540 1303 2562 a
1337 2529 1515 2563 codicibus
1546 2541 1607 2563 nu-
1670 2571 1672 2573 ‚

212 2601 284 2630 tem
307 2594 369 2629 ubi
393 2593 528 2627 nullum
553 2590 767 2636 praesidium
792 2591 862 2629 est,
898 2599 965 2621 non
997 2589 1199 2622 dubitamus
1228 2600 1248 2622 e
1284 2591 1484 2624 coniectura
1516 2591 1609 2634 quod

214 2661 310 2692 recta
342 2655 434 2696 ratio
465 2654 617 2699 postulat
650 2662 835 2695 reponere,
870 2651 966 2683 velut
999 2650 1034 2683 in
1069 2649 1156 2683 San.
1189 2650 1373 2695 Fragmm.
1406 2650 1497 2684 nist.
1522 2651 1608 2693 1‚9.

215 2718 312 2753 Gerl.
339 2716 399 2750 ubi
425 2727 569 2761 quorum
593 2715 636 2748 in
660 2712 869 2759 gratiam
892 2711 1048 2756 plerique
1083 2715 1414 2745 concesserant
1447 2710 1606 2764 scriben-

212 2779 297 2813 dum
321 2788 491 2812 essevsuo*
506 2776 584 2824 leco
609 2774 838 2808 ostendemus.
861 2773 962 2816 Quae
986 2782 1095 2816 quum
1118 2770 1167 2806 ita
1190 2771 1269 2810 sint.
1292 2761 1483 2815 pancorum
1509 2758 1606 2804 codd.
