1702 2982
218 136 276 185 88
595 134 639 179 C.
670 134 992 179 SALLUSTI
1021 136 1247 180 CRISPI

188 250 371 298 avebat.
444 249 671 297 Terrebat
698 267 802 297 eum
831 259 990 298 natura
1013 254 1267 299 mortalium
1297 254 1431 300 avida
1457 255 1621 316 Imperi

222 355 268 393 et
293 362 514 409 praeceps
544 348 604 393 ad
633 349 904 410 explendam
926 349 1061 394 animi
1082 350 1353 412 cupidinem,
1387 357 1624 413 praetcrea

221 447 536 507 opportunitas
574 462 681 491 suae
722 447 1059 506 liberorumque
1099 448 1286 506 aetatis,
1330 464 1449 508 quae
1489 450 1623 494 etiam

220 543 460 589 mediocris
486 544 604 588 viros
635 559 719 604 spe
749 544 950 604 praedae
983 550 1258 591 transvorsos
1287 547 1407 607 agit,
1436 546 1497 590 ad
1529 516 1620 590 hoc

221 640 367 686 studia
396 640 697 687 Numidarum
726 641 771 684 in
802 640 1068 702 Iugurtham
1098 657 1310 701 accensa,
1357 659 1413 689 ex
1447 643 1620 703 quibus,

220 792 257 823 to
279 788 474 834 intelligit5
495 786 585 822 illud
608 788 775 833 praebent
796 787 1037 833 probatissimi
1061 788 1143 823 libri
1166 789 1251 825 Bas.
1263 790 1297 824 1.
1324 790 1431 824 Fabr.
1447 789 1482 824 1.
1506 788 1622 823 Senot.

219 849 253 884 1.
283 849 395 884 Paris.
421 850 456 884 b.
481 861 510 884 c.
534 862 569 886 x.
594 862 625 886 z.
657 850 778 886 Berol.
804 850 839 884 2.
875 850 980 884 Misn.
1005 850 1155 885 Eccard.
1181 850 1302 886 Guelf.
1325 852 1360 886 6.
1383 862 1420 885 v,
1444 850 1488 885 ad
1513 850 1620 885 Catil.

219 910 378 953 XXVIII,
403 910 437 946 1.
460 922 495 955 1».
519 909 601 945 13⁰.
636 911 713 955 Iug.
733 912 828 953 XXI,
852 910 886 945 1.
910 929 956 936 —
980 911 1110 946 Statim
1134 915 1212 955 post
1235 923 1275 945 eo
1298 916 1380 946 ante
1401 911 1544 956 negotio
1566 922 1622 945 re-

217 971 416 1016 stituimus,
451 974 545 1016 quod
568 984 637 1007 non
660 972 776 1006 solum
813 971 981 1006 orationis
1016 971 1246 1016 perspicuitas
1269 977 1305 1006 et
1326 971 1483 1017 gravitas
1506 976 1624 1017 postn-

218 1034 282 1076 lat,
305 1034 367 1068 sed
389 1034 496 1070 etiam
515 1045 672 1068 summus
696 1033 796 1067 codd.
814 1043 1012 1067 consensus.
1058 1031 1212 1066 Temere
1234 1032 1329 1067 enim
1355 1031 1496 1067 Cottius
1514 1043 1623 1067 unum

219 1097 339 1130 Guelf.
364 1096 399 1130 4.
423 1101 559 1129 secutus
579 1105 770 1139 pronomen
794 1093 970 1136 expunxit.
1004 1113 1050 1118 —
1090 1094 1233 1128 Volvere
1257 1093 1301 1126 de
1324 1093 1464 1127 difficili
1488 1101 1523 1128 et
1546 1094 1624 1128 diu-

219 1162 324 1204 turna
347 1155 600 1190 deliberatione
632 1154 782 1195 dicitur3
822 1155 870 1188 cf.
895 1166 925 1187 c.
952 1154 1075 1198 cvm,
1099 1153 1133 1188 3.
1181 1153 1320 1187 Similis
1344 1158 1397 1188 est
1418 1167 1502 1189 usus
1524 1156 1623 1190 verbi

218 1219 381 1258 trahere3
417 1229 452 1253 v.
478 1217 523 1251 ad
548 1216 745 1260 LXXXIV,
769 1214 805 1249 4.
843 1217 896 1250 De
920 1227 996 1250 cum
1020 1214 1282 1260 praepositione
1305 1215 1351 1249 cf.
1377 1219 1501 1250 notata
1524 1216 1570 1250 ad
1591 1228 1622 1250 c.

219 1280 282 1319 XI,
305 1278 339 1313 8.

310 1341 343 1382 §.
366 1337 400 1372 3.
448 1338 603 1373 terrebat
626 1338 726 1382 eum]
766 1338 877 1379 Eum,
901 1349 964 1381 pro
988 1348 1058 1380 quo
1082 1337 1118 1371 in
1141 1336 1217 1370 solo
1240 1336 1358 1371 Guelf.
1382 1337 1421 1371 2.
1446 1348 1469 1371 a
1493 1348 1548 1381 pr.
1574 1348 1623 1371 m.

219 1399 352 1445 legitur
386 1400 496 1440 enim,
533 1399 672 1434 Curtius
695 1384 860 1433 omnibus
884 1397 984 1432 libris
1008 1398 1129 1432 invitis
1152 1396 1267 1433 eiecit.
1299 1416 1345 1422 -—
1376 1398 1430 1432 De
1453 1402 1626 1442 potestate

218 1466 254 1496 et
277 1465 452 1495 structura
479 1471 647 1505 praeceps
678 1459 847 1495 vocabuli
880 1470 916 1493 v.
940 1459 985 1493 ad
1010 1459 1114 1493 Catil.
1139 1459 1323 1502 XXXVII,
1345 1458 1380 1493 4.
1411 1471 1445 1503 p.
1470 1459 1552 1493 172.
1578 1478 1625 1484 -

219 1524 313 1557 Suae
338 1522 587 1565 liberorumque
610 1532 732 1555 omnes
755 1522 829 1555 fere
853 1520 935 1554 iibri
954 1521 1107 1562 habent3
1132 1520 1260 1555 Rivius
1282 1524 1401 1554 tam-
1423 1532 1468 1554 ex
1490 1520 1626 1564 aliquot

218 1583 291 1619 suis
314 1582 422 1617 edidit
445 1594 626 1627 suaeque
657 1587 703 1617 et
734 1583 943 1624 liberorum,
979 1593 1071 1625 quae
1094 1581 1287 1626 scriptura,
1323 1592 1430 1624 quam
1454 1582 1624 1622 incertum

219 1647 271 1677 est
302 1655 388 1677 num
420 1643 513 1688 Teg.
548 1646 582 1677 et
614 1643 737 1677 Laida·
768 1643 810 1676 A.
835 1644 878 1677 B.
906 1642 945 1677 C.
972 1644 1013 1676 F.
1040 1643 1084 1679 G.
1107 1643 1150 1677 N.
1177 1643 1406 1685 confirment,
1439 1641 1473 1676 in
1506 1653 1626 1676 omnes

219 1704 299 1741 edd.
323 1703 472 1738 transiit.
519 1703 589 1738 Sed
613 1715 722 1747 quum
747 1703 875 1747 optimi
907 1703 1122 1748 plurimique
1146 1703 1231 1737 libri
1253 1703 1290 1738 in
1314 1706 1453 1746 recepta
1476 1702 1626 1737 lectione

220 1764 449 1805 consentiant,
474 1767 547 1798 tam
571 1764 704 1809 exigua
726 1764 1002 1809 discrepantium
1026 1765 1219 1798 auctoritas
1242 1776 1322 1798 eam
1346 1775 1417 1798 non
1437 1767 1550 1807 potest
1571 1763 1625 1797 in-

220 1825 389 1871 fringere.
437 1825 559 1868 Neque
581 1825 731 1860 alicuius
753 1825 924 1861 momenti
947 1829 1020 1868 est,
1054 1825 1148 1868 quod
1171 1831 1243 1860 tres
1265 1826 1378 1860 Curtii
1401 1826 1502 1860 codd.
1525 1825 1625 1859 exhi-

219 1888 304 1922 bent
327 1887 511 1921 liberorum
535 1898 687 1933 suaeque
711 1887 862 1928 aetatis,
887 1889 948 1920 aut
971 1887 1063 1930 quod
1088 1886 1124 1920 in
1148 1887 1232 1923 Bas.
1259 1888 1291 1920 1.
1316 1897 1359 1921 ac
1385 1887 1475 1920 Med.
1501 1885 1541 1920 8.
1567 1887 1625 1920 11.

220 1947 297 1983 sine
319 1948 393 1982 ulla
417 1948 543 1991 copula
566 1952 679 1984 exstat
700 1961 806 1991 suae,
844 1949 1028 1982 liberorum
1052 1948 1194 1982 aetatis.
1248 1948 1372 1992 -Quam
1396 1947 1623 1990 posteriorem

220 2008 394 2044 rationem
417 2010 593 2052 quomodo
618 2009 830 2046 Gerlachius
854 2014 1043 2054 propterea
1065 2008 1152 2046 ferri
1176 2019 1277 2052 posse
1298 2009 1497 2052 putaverit,
1532 2010 1624 2053 quod

219 2070 325 2114 plura
345 2069 383 2102 in
401 2069 464 2102 hoc
485 2071 600 2114 cupite
617 2072 746 2114 insint,
777 2083 802 2105 a
819 2071 962 2117 vulgari
987 2070 1125 2104 dicenda·
1142 2081 1207 2104 usu
1223 2070 1341 2104 aliena
1353 2095 1363 2112 ,
1388 2081 1490 2104 nemo
1514 2069 1623 2104 facile

221 2129 407 2174 intelliget.
439 2148 487 2155 —-
524 2131 708 2167 Mediocris
740 2133 776 2166 h.
801 2133 824 2166 l.
850 2136 922 2167 est:
961 2142 1029 2165 non
1052 2141 1160 2175 supra
1180 2132 1367 2176 vulgarem
1401 2131 1546 2166 modum
1566 2131 1621 2165 ni-

222 2195 311 2233 tens,
335 2191 476 2225 modica
494 2202 612 2226 rerum
636 2193 839 2227 condicione
863 2196 1062 2234 contentns3
1085 2192 1179 2237 quod
1201 2203 1418 2236 quamquam
1435 2203 1507 2226 non
1530 2191 1625 2226 mul-

223 2257 299 2287 tam
323 2250 445 2286 differt
470 2262 493 2286 a
516 2252 657 2287 notione
679 2254 847 2296 modesti,
871 2257 990 2289 tamen
1013 2265 1082 2290 non
1105 2254 1210 2299 plane
1232 2257 1286 2288 est.
1306 2253 1417 2297 idem,
1440 2257 1482 2288 ut
1503 2253 1625 2286 volunt

223 2313 447 2356 interpretem
485 2313 535 2350 cf.
558 2325 589 2350 c.
616 2315 718 2358 VIII,
742 2315 777 2350 1.
814 2315 1011 2360 Iugurthae
1041 2327 1129 2350 non
1161 2315 1441 2350 mediocrem
1469 2314 1622 2348 animum

224 2373 470 2408 accendebant.
495 2393 541 2400 -—
575 2375 808 2411 Transversos
830 2377 912 2421 agit
936 2375 962 2411 i.
986 2388 1017 2411 e.
1041 2388 1063 2411 a
1090 2380 1185 2411 recta
1206 2375 1335 2410 avertit
1355 2379 1392 2412 et
1411 2375 1451 2411 in
1473 2386 1624 2420 pravum

224 2433 414 2469 abstrahit.
461 2434 507 2470 cf.
533 2447 564 2470 c.
589 2437 683 2479 XIV,
707 2437 766 2472 20.
793 2448 938 2482 uereor,
970 2448 1014 2472 nc
1034 2449 1119 2482 quos
1145 2437 1292 2482 privata
1317 2436 1475 2472 micitia
1495 2437 1623 2483 lugur-

226 2497 452 2542 thueporum
474 2498 620 2543 cognita
643 2503 946 2535 transvorsos
969 2503 1098 2544 agat.
1146 2499 1234 2534 Cato
1256 2498 1353 2542 01³qu
1373 2498 1468 2534 ceu.
1492 2498 1568 2540 vn,
1590 2497 1623 2533 ὃ.

226 2557 408 2594 Secundae
425 2569 483 2593 res
502 2558 646 2595 laetitia
667 2565 971 2596 transvorsos
993 2559 1186 2595 trudere
1208 2559 1320 2594 solent
1349 2571 1374 2594 a
1391 2563 1485 2595 recte
1502 2570 1623 2594 consu-

227 2619 329 2654 lendo
349 2624 455 2665 atque
471 2620 713 2666 intelligendo.
761 2619 896 2656 Seneca
913 2622 982 2666 Ep.
1005 2621 1126 2656 CVIII.
1150 2622 1190 2656 ὄπ
1204 2621 1418 2667 praecipitia
1430 2631 1549 2654 cursus
1558 2620 1623 2654 iste

230 2679 371 2715 deducit
393 2699 440 2706 —-·
461 2681 589 2716 deinde
607 2692 653 2715 ue
668 2681 828 2717 resistere
848 2682 988 2728 quidem
1010 2683 1106 2726 lieet,
1129 2693 1236 2729 quum
1255 2682 1370 2728 comit
1388 2685 1623 2718 transuer-

233 2752 301 2776 sos
324 2752 465 2788 agere
481 2742 654 2786 felicitas.
704 2742 814 2779 coar.

869 2833 892 2865 s
