1716 2996
214 155 300 197 488
587 150 634 194 C.
664 150 992 195 SALLUSTI
1030 145 1251 198 CRISPI

181 273 375 327 2antea‚
409 268 554 313 maior
589 274 636 313 et
669 269 830 313 clarior
862 269 1021 315 haberi
1057 272 1222 332 coepit.
1294 270 1481 334 Omnia,
1514 290 1606 319 non

222 367 342 412 bene
376 366 580 411 consulta
613 365 767 422 modo,
803 381 961 412 verum
996 368 1131 413 etiam
1166 354 1273 414 casu
1300 369 1406 413 data
1434 370 1480 414 in
1513 372 1605 415 vir-

217 470 360 510 tutem
400 462 716 519 trahebantur,
751 464 934 526 milites,
978 441 1185 510 modesto
1229 467 1419 528 imperio
1454 467 1610 526 habiti,

218 610 292 657 git,
323 609 456 656 gessit,
488 620 574 654 quas
606 608 746 644 Cortius
769 595 877 645 recte·
889 609 1059 644 iudicavit
1089 621 1159 644 non
1182 622 1246 655 pro
1269 611 1612 657 interpretationibus

220 669 322 704 verbi
351 670 513 715 patravit
540 670 722 705 habendas
757 681 852 711 esse,
883 670 943 705 sed
973 682 1016 706 eo
1040 673 1154 712 ortas,
1187 672 1281 715 quod
1304 678 1444 708 mature
1463 675 1612 709 verbum

220 730 259 766 in
293 735 456 766 contextu
484 730 676 772 exciderit3
710 741 819 775 quam
842 732 1007 766 lacunam
1030 731 1171 766 librarii
1196 744 1260 776 pro
1285 733 1428 779 ingenio
1451 736 1615 780 expleve-

220 795 316 829 runt.
361 793 447 827 Eius
484 793 538 827 rei
578 791 816 826 certissimum
855 790 1025 825 indicium
1057 792 1127 827 hoc
1158 798 1235 836 est,
1269 796 1363 839 quod
1394 796 1516 840 spuria
1546 797 1616 832 ista

222 853 334 888 verba
362 852 401 886 in
435 853 515 888 aliis
548 854 718 900 leguntur
742 855 823 898 post
853 857 1061 897 postquam,
1093 854 1130 888 in
1153 844 1240 888 aliis
1260 860 1336 900 post
1358 869 1452 901 rem,
1476 857 1513 892 in
1535 859 1617 893 aliis

223 913 374 958 denique
397 918 475 958 post
498 915 734 957 incommodo,
757 923 844 948 vera
866 916 986 948 autem
1008 913 1201 959 scriptura,
1225 927 1331 960 quam
1355 919 1512 953 nonnulli
1533 919 1617 954 libri

223 980 424 1022 praestant,
448 976 484 1010 in
508 977 623 1012 Palat.
647 976 683 1011 2.
706 975 800 1011 inter
823 985 944 1010 versus
966 976 1189 1020 conspicitur.
1223 979 1276 1013 De
1298 979 1337 1014 vi
1353 979 1452 1015 verbi
1470 986 1619 1026 patrare

225 1049 261 1073 v.
285 1037 331 1072 nd
353 1049 383 1073 c.
408 1038 505 1081 xxi,
526 1037 560 1072 1.

320 1101 352 1142 §.
375 1099 410 1133 2.
457 1111 528 1134 non
552 1100 637 1134 bene
661 1099 817 1134 consulta
840 1098 980 1140 modo,
1010 1108 1164 1132 verum
1188 1099 1329 1134 etiam
1352 1112 1467 1136 casu
1490 1101 1619 1147 data]

226 1160 332 1206 Quod
354 1159 405 1194 ita
428 1159 544 1203 edidi,
577 1160 766 1205 praevideo
797 1159 927 1193 multos
959 1159 995 1192 id
1028 1158 1227 1195 inconsulto
1246 1161 1380 1196 factum
1410 1174 1486 1197 esse
1508 1163 1622 1198 dictu-

225 1233 306 1263 ros3
330 1232 442 1265 neque
464 1233 529 1265 pro
553 1224 650 1256 certo
675 1219 933 1254 affirmaverim
956 1230 1013 1253 me
1036 1231 1160 1255 verum
1196 1222 1348 1264 dedisse,
1384 1227 1563 1258 contentus
1585 1224 1623 1258 in

226 1283 306 1318 loco
334 1293 505 1327 perquam
528 1281 636 1316 dubio
659 1281 946 1324 probabilitatem
979 1284 1117 1315 secutus
1142 1293 1230 1316 esse.
1277 1284 1367 1317 Nam
1390 1283 1427 1317 in
1449 1271 1642 1329 plerisque

228 1344 392 1379 omnibus
424 1344 528 1379 codd.
558 1344 682 1377 desunt
713 1342 825 1377 verba
844 1342 956 1381 ,modo
971 1366 982 1384 ,
1013 1353 1132 1377 verum
1156 1343 1263 1378 etiam
1287 1356 1370 1378 casu
1393 1344 1504 1386 data,
1529 1331 1625 1388 vquae

229 1405 475 1440 tantummodo
500 1405 667 1449 leguntur
690 1403 727 1437 in
762 1402 885 1447 paucis
917 1402 1085 1436 Glareani
1110 1403 1226 1446 codd„
1247 1404 1344 1439 Leid.
1373 1405 1415 1439 A.
1441 1406 1481 1440 C.
1506 1407 1625 1441 Guelf.

230 1466 264 1502 3.
282 1470 318 1500 et
341 1465 413 1508 11.‚
437 1464 505 1499 nisi
527 1465 621 1509 quod
643 1463 705 1498 hic
728 1463 860 1498 calami
881 1463 985 1508 lapsu
1004 1462 1114 1497 habet
1135 1475 1252 1498 rerum
1274 1476 1340 1509 pro
1362 1477 1503 1506 verum5
1529 1467 1627 1502 Leid.

230 1528 274 1563 A.
307 1531 426 1562 autem
461 1525 636 1571 particula
667 1525 767 1560 modo
797 1525 921 1567 caret'3
961 1527 1144 1568 praeterea
1176 1525 1214 1559 in
1247 1527 1398 1572 Erlang.
1429 1530 1480 1562 est
1509 1529 1628 1563 omnia

233 1601 302 1623 non
326 1588 544 1623 consulta
577 1588 686 1621 bene
721 1586 841 1627 modo,
874 1596 995 1619 verum
1026 1585 1133 1619 etiam
1168 1598 1253 1621 casu
1284 1588 1395 1631 datu,
1428 1588 1466 1623 in
1489 1589 1627 1626 Bodlei.

234 1654 270 1684 et
300 1649 447 1684 Balliol.
481 1652 602 1683 autem
637 1648 756 1682 omnia
788 1659 857 1680 non
892 1647 974 1680 bene
1007 1648 1164 1681 consulta
1187 1648 1307 1691 modo,
1340 1661 1488 1694 neque
1522 1651 1629 1686 etiam

236 1710 354 1748 data
387 1720 508 1744 casu.
557 1710 633 1744 Iam
656 1709 688 1744 si
711 1709 898 1754 vulgatam
922 1707 1098 1742 examines
1121 1714 1307 1751 accurate,
1329 1710 1424 1744 haud
1448 1711 1554 1746 dubie
1575 1713 1631 1747 vi-

236 1771 335 1806 debis
359 1772 466 1806 verba
489 1783 558 1805 non
582 1772 667 1805 bene
691 1771 868 1811 consulta,
902 1772 976 1803 tam
1008 1768 1098 1802 nude
1132 1770 1306 1804 vocabulo
1329 1772 1446 1804 omnia
1470 1783 1630 1816 compre—

236 1833 366 1876 hensa,
396 1833 466 1867 hoc
498 1836 619 1877 aperte
648 1833 829 1867 declarare
845 1856 856 1873 ,
895 1830 1052 1865 Marium
1084 1831 1196 1864 multa
1229 1833 1291 1864 aut
1319 1832 1472 1875 plurima
1503 1839 1631 1868 temere

239 1895 376 1941 egisse,
399 1894 493 1939 quod
516 1905 625 1939 quum
649 1893 730 1928 aliis
754 1892 940 1936 laudibus,
970 1903 992 1927 a
1015 1890 1185 1926 Sallustio
1212 1891 1246 1925 ei
1268 1892 1376 1936 datis,
1409 1896 1484 1928 tum
1507 1893 1552 1928 iis
1574 1906 1632 1929 re-

239 1961 395 2002 pugnat,
427 1967 520 2000 quae
550 1956 594 1990 de
625 1955 702 1999 qius
731 1953 915 2000 prudentia.
951 1953 1073 1998 paullo
1113 1957 1194 1988 ante
1225 1965 1256 1987 c.
1292 1954 1377 1996 XC,
1402 1954 1436 1989 1.
1461 1955 1634 1990 narravit.

239 2018 361 2062 Neque
385 2018 431 2052 ad
457 2028 534 2052 rem
558 2017 668 2059 facit,
691 2016 784 2060 quod
808 2015 947 2065 Curtius
971 2026 1013 2049 ac
1036 2014 1153 2048 Faber
1174 2019 1367 2059 provocant
1390 2015 1436 2050 ad
1459 2027 1489 2050 c.
1513 2017 1633 2062 XCIV,

241 2079 276 2114 ¹¹1.
299 2078 363 2113 ubi
389 2079 499 2113 Marii
524 2079 703 2129 temeritas
722 2080 818 2122 sorte
842 2081 997 2111 correcta
1019 2075 1172 2121 gloriam
1197 2087 1237 2109 ex
1261 2077 1364 2120 culpa
1387 2076 1558 2112 invenisse
1581 2077 1636 2112 di-

242 2139 345 2174 citur.
391 2139 470 2174 Non
494 2139 657 2174 viderunt
678 2138 774 2172 enim
795 2142 829 2173 et
860 2139 1043 2184 singulare
1072 2136 1203 2170 factum
1229 2135 1280 2170 ibi
1303 2147 1326 2171 a
1348 2137 1516 2172 Sallustio
1536 2142 1637 2173 nota-
1701 2151 1707 2158 ¹

243 2200 297 2242 ri,
331 2204 366 2235 et
402 2212 494 2245 quae
526 2200 564 2234 h.
600 2200 626 2233 l.
658 2199 701 2232 de
732 2199 860 2234 favore
895 2199 1051 2233 militum
1093 2202 1281 2232 narrantur
1324 2198 1370 2232 ad
1407 2200 1638 2244 praeteritum

245 2265 403 2305 tempus,
433 2265 480 2302 et!
500 2261 545 2296 ad
576 2263 693 2306 gestas
725 2271 801 2302 res,
831 2269 900 2292 non
922 2259 967 2292 ad
991 2258 1164 2304 gerendas
1194 2262 1366 2302 spectare.
1411 2261 1464 2294 Ad
1487 2261 1557 2295 hoc
1579 2260 1637 2294 vix

246 2322 368 2357 credas
392 2334 461 2356 non
488 2323 573 2356 bene
598 2322 775 2365 consulta,
801 2331 913 2364 eoque
936 2320 1031 2353 male
1054 2322 1156 2364 gesta
1178 2323 1213 2354 et
1236 2318 1510 2364 imprudentiam
1532 2325 1638 2365 atque

247 2382 480 2419 temeritatem
507 2383 606 2417 ducis
637 2383 801 2418 testantia
840 2381 886 2415 ab
910 2366 984 2414 ullo
1015 2379 1172 2424 potuisse
1194 2380 1230 2414 in
1253 2381 1393 2415 laudem
1416 2371 1532 2423 trahi3
1555 2392 1639 2416 nam

249 2445 355 2481 stulte
387 2448 550 2488 suscepta
580 2444 774 2489 stolideque
804 2445 904 2488 gesta
926 2452 1031 2475 nemo
1062 2441 1168 2476 facile
1190 2438 1402 2485 pr'obaverit.
1449 2441 1495 2475 At
1517 2447 1654 2477 οοιιιηι

249 2517 294 2541 ea
325 2509 379 2541 est
407 2505 642 2540 multitudinis
670 2509 798 2539 natura
828 2507 863 2537 et
893 2501 1098 2547 ingenium,
1129 2506 1187 2544 ut,
1219 2502 1249 2535 si
1283 2501 1341 2535 cui
1370 2501 1451 2536 duci
1486 2503 1641 2545 faveant,

252 2580 321 2602 non
345 2578 387 2602 ea
409 2570 544 2601 tantum
570 2564 786 2599 admirentur
809 2567 845 2598 et
868 2562 1043 2597 celebrent
1057 2587 1068 2604 ,
1093 2574 1185 2607 quae
1207 2561 1282 2596 eius
1305 2561 1534 2598 consiliorum
1556 2575 1641 2608 pru-

253 2627 392 2662 dentiae
424 2627 614 2666 debentur,
651 2626 711 2659 sed
746 2636 790 2659 ea
819 2636 981 2669 quoque,
1016 2634 1105 2667 quae
1135 2635 1219 2657 casu
1250 2627 1313 2658 aut
1330 2625 1480 2667 fortuna
1505 2635 1547 2658 ac
1570 2624 1643 2659 sine

254 2688 352 2723 ducis
375 2688 500 2726 merito
522 2697 690 2731 prospera
721 2689 931 2726 evenerunt,
961 2684 1035 2718 eius
1060 2684 1184 2719 virtuti
1207 2684 1364 2718 tribuant
1385 2688 1420 2719 et
1441 2684 1478 2719 in
1501 2685 1644 2720 laudem

254 2749 408 2785 trahant.
457 2747 563 2792 Quod
586 2746 696 2793 igitur
719 2758 775 2781 res
797 2745 874 2790 ipsa
897 2746 1067 2790 postulat,
1091 2748 1129 2780 ut
1151 2744 1187 2779 in
1223 2745 1356 2781 favoris
1379 2744 1510 2781 caussis
1531 2745 1644 2780 benc
