1702 2982
226 157 283 199 bo
596 155 642 198 C.
673 153 1007 198 SALLUSTI
1038 154 1266 198 CRISPI

192 272 375 328 2Nam,
401 278 451 317 ut
485 271 571 317 alia
606 286 775 333 magna
802 278 847 318 et
880 272 1075 334 egregia
1106 279 1184 316 tua
1218 271 1443 329 omittam,
1481 272 1630 318 novis-

226 438 312 484 poni
329 437 457 473 debere
475 441 675 481 censerent,
699 437 817 473 verbis
834 439 864 472 si
878 438 1077 485 genuissem
1096 438 1204 473 facile
1219 449 1262 474 eo
1284 437 1410 473 adduci
1431 441 1632 484 potuerunt,

225 504 265 534 ut
288 500 402 534 liberis
430 499 659 534 intruderent.
707 500 896 534 Praeterea
923 511 993 533 non
1021 499 1275 545 negligendum
1291 524 1302 542 ‚
1325 499 1355 534 si
1372 501 1556 545 vulgatam
1577 512 1630 535 re-

225 561 350 605 tineas,
366 561 408 595 ob
433 562 600 605 beneficia
619 560 727 595 etiam
749 561 794 596 ad
815 562 940 595 liberos
959 561 1086 595 referri
1104 561 1252 604 debere,
1285 561 1380 605 quod
1396 561 1500 605 plane
1522 561 1631 595 abso-

224 633 311 656 num
335 626 407 664 est,
448 633 558 666 quum
592 621 746 665 Micipsa
793 623 992 667 Iugurthae
1020 625 1157 656 tantum
1183 626 1344 665 respectu
1372 620 1546 655 beneficia
1566 632 1631 656 sua

225 687 409 718 memoret.
451 683 534 718 Inde
551 682 659 717 etiam
677 682 901 726 consequitur
916 693 1036 716 errare
1054 682 1246 717 Gruterum
1263 685 1299 716 et
1318 682 1544 725 Muellerum,
1569 681 1630 726 qui

224 742 343 778 locum
367 755 436 778 nou
457 754 582 778 sanum
600 742 743 787 quidem
763 747 886 788 putent
898 768 908 785 ‚
944 743 1002 777 sed
1021 744 1163 788 perinde
1182 754 1257 778 esse
1274 746 1427 777 statuant
1445 747 1563 777 utrum
1587 743 1632 777 12·-

226 804 315 838 beris
331 815 376 838 an
391 805 422 838 si
438 805 637 849 genuissem
654 798 854 838 abiiciatur.
875 822 918 830 —
938 805 1080 838 Falsum
1098 816 1132 838 m
1145 816 1164 838 e
1187 804 1310 839 habuit
1329 803 1488 848 plerique
1509 814 1631 837 omnes

224 865 357 900 habent
376 865 479 906 libri3
504 877 558 900 me
582 869 702 900 tamen
723 865 819 899 deest
846 864 882 898 in
907 864 1024 898 Guelf.
1044 864 1078 899 3.
1108 864 1142 898 4.
1164 864 1212 906 6.,
1241 869 1324 899 ante
1340 866 1476 908 salsum
1498 864 1632 910 legitur

225 926 262 960 in
280 927 373 960 Med.
396 926 431 961 4.
454 927 532 961 Vnt.
554 925 608 970 4.,
642 929 719 970 post
747 926 871 959 habuit
898 924 935 959 in
965 925 1060 959 Med.
1075 925 1108 960 8.
1138 927 1215 960 Vat.
1231 927 1278 967 1.,
1303 935 1373 969 qua
1397 923 1632 969 discrepantia

224 988 427 1023 confirmari
449 988 502 1022 ait
521 987 732 1023 Gerlachius
752 987 864 1022 Cottii
881 987 1068 1027 rationem,
1093 987 1154 1029 qui
1172 986 1334 1020 voculam
1351 985 1495 1028 expulit.
1518 984 1630 1020 Nobis

223 1049 313 1084 istae
331 1048 546 1084 variationes
570 1050 660 1083 tales
686 1049 860 1090 videntur,
895 1059 985 1092 quac
1002 1046 1117 1092 potius
1135 1046 1264 1090 scripto
1280 1057 1302 1081 a
1315 1046 1485 1081 Sallustio
1502 1057 1631 1091 prono-

224 1110 320 1144 mine
334 1136 344 1154 ,
369 1121 476 1154 quam
494 1122 537 1144 eo
569 1109 699 1144 omisso
725 1108 812 1144 oriri
836 1109 1030 1153 potuerint,
1051 1107 1206 1142 maxime
1228 1107 1376 1152 proclivi
1395 1108 1438 1142 ad
1457 1107 1629 1141 eiusmodi

224 1183 360 1206 errores
379 1171 649 1206 describentium
665 1175 793 1204 mente.
842 1170 894 1203 Ad
913 1170 982 1202 hoc
997 1181 1051 1203 me
1070 1168 1232 1203 firmatur
1250 1168 1451 1203 testimonio
1466 1167 1628 1212 Quincti-

221 1231 308 1265 liani
325 1231 449 1265 lustitt.
467 1242 518 1266 or.
542 1233 605 1274 lx,
632 1232 667 1275 3,
685 1231 743 1266 12.
766 1232 860 1264 hunc
880 1230 970 1266 Sall.
993 1230 1110 1264 locum
1126 1230 1315 1265 afferentis.
1330 1248 1376 1255 -—·
1402 1229 1545 1263 Falsum
1562 1229 1628 1263 ha-

223 1293 297 1327 buit
325 1293 507 1336 aliquanto
529 1293 676 1338 gravius
705 1293 840 1326 dictum
869 1302 943 1324 esse
969 1302 1074 1334 quam
1093 1292 1230 1335 fefellit
1256 1294 1349 1335 patet
1368 1302 1413 1325 ex
1434 1290 1563 1325 notatis
1581 1290 1628 1325 ad

223 1353 331 1390 catil.
350 1354 479 1397 XXIII,
497 1353 532 1387 4.
552 1365 586 1397 p.
602 1353 684 1387 111.
706 1353 752 1386 cf.
775 1353 853 1397 lug.
878 1352 1052 1395 LXXXV,
1071 1352 1107 1387 7.
1141 1352 1280 1387 Cor-tius
1304 1353 1341 1386 h.
1360 1353 1383 1388 l.
1402 1351 1628 1396 comparavit

223 1414 301 1448 mv.
323 1415 488 1456 XXXIX,
504 1414 562 1456 29,
582 1414 618 1449 9.
669 1415 738 1458 Qui
757 1414 835 1448 vias
853 1413 1044 1448 latrociniis
1058 1424 1259 1458 pascuaque
1277 1414 1418 1458 publica
1447 1415 1627 1458 infesta

223 1475 246 1509 h
259 1487 282 1508 a
293 1475 312 1508 b
327 1487 350 1508 u
363 1487 382 1508 e
394 1487 411 1509 r
420 1486 473 1508 an
484 1480 509 1509 t.

316 1538 348 1578 §-
371 1535 406 1570 2.
455 1536 531 1570 alia
554 1547 690 1580 magna
714 1539 748 1569 et
774 1535 925 1580 egregia
940 1535 1022 1578 tua]
1046 1535 1151 1570 Multi
1168 1535 1268 1570 codd.
1288 1538 1367 1579 post
1384 1539 1448 1569 tua
1467 1533 1626 1568 additum

223 1597 354 1631 habent
365 1597 553 1639 facinora,
576 1595 669 1639 quod
689 1595 845 1639 Longius
859 1606 998 1640 quoque
1016 1596 1174 1639 repetiit3
1198 1596 1235 1630 in
1259 1596 1339 1630 aliis
1349 1598 1454 1640 sacta
1483 1593 1625 1640 legitur,

223 1657 284 1691 sed
311 1661 476 1691 neutrum
505 1656 719 1701 conspicitur
742 1655 778 1689 in
809 1658 884 1692 Sat.
913 1658 954 1691 A.
984 1657 1067 1691 Bas.
1086 1657 1120 1692 1.
1143 1657 1224 1691 Seu.
1247 1656 1282 1693 1.
1314 1655 1412 1693 Laid.
1428 1656 1468 1691 L.
1495 1655 1624 1690 Aroud.

223 1718 340 1752 Mark.
365 1720 407 1752 Γ.
433 1722 476 1753 Λ.
499 1717 613 1752 Paris.
634 1729 664 1751 c.
683 1729 717 1753 x.
746 1727 778 1753 z.
801 1718 976 1751 nonnullis
961 1729 1046 1761 sque
1065 1718 1166 1760 aliis,
1191 1730 1277 1763 quos
1302 1717 1441 1752 Cottius
1456 1723 1550 1751 recte
1567 1725 1623 1751 se·-

224 1782 328 1813 cutus
344 1783 407 1813 est.
455 1779 511 1812 Ex
529 1780 649 1825 glossa
669 1777 763 1812 enim
787 1780 976 1820 utrumque
999 1778 1255 1813 substantivum
1274 1777 1459 1812 accessisse
1477 1789 1546 1811 non
1565 1788 1623 1810 so-

223 1841 298 1875 lum
324 1840 432 1884 ipsius
458 1840 529 1874 loci
554 1840 647 1875 ratio
674 1843 710 1874 et
739 1837 900 1873 codicum
930 1837 1105 1873 dissensus
1131 1839 1299 1881 ostendit,
1323 1839 1383 1873 sed
1401 1838 1508 1872 etiam
1525 1837 1626 1872 varia

223 1902 393 1936 vocabuli
418 1902 538 1944 sedes,
568 1901 742 1945 siquidem
765 1902 871 1943 facta
894 1897 931 1932 in
957 1899 1037 1933 aliis
1064 1905 1144 1934 ante
1168 1907 1254 1942 tua,
1277 1900 1315 1934 in
1341 1900 1420 1934 aliis
1438 1905 1516 1944 post
1540 1910 1624 1943 pro-

224 1974 351 1997 nomen
371 1963 533 1998 habetur.
557 1962 603 1996 cf.
625 1962 705 1997 Liv.
727 1961 840 2002 XXX,
867 1959 924 2002 30,
946 1959 981 1994 4.
1035 1961 1111 1995 'I'ibi
1133 1962 1225 1996 inter
1249 1961 1395 1995 multa
1419 1961 1622 2006 egregia

224 2036 295 2058 non
315 2025 352 2058 in
375 2025 507 2059 ultimis
531 2023 675 2057 laudum
699 2022 761 2055 hoc
778 2022 902 2064 fuerit.
930 2021 1017 2065 Nep.
1035 2022 1078 2055 de
1098 2023 1212 2066 Regg.
1227 2023 1254 2063 1,
1273 2021 1306 2056 3.
1348 2021 1456 2055 Xerxi
1471 2022 1622 2055 maxime

226 2090 279 2119 est
302 2085 511 2127 illustre,
536 2085 627 2129 quod
652 2102 696 2110 —
724 2084 849 2117 bellum
880 2082 1002 2116 intulit
1029 2083 1212 2117 Graeciae.
1237 2083 1285 2117 id.
1301 2082 1484 2128 Thrasyb.
1502 2083 1564 2124 lll,
1583 2081 1620 2116 8.

226 2145 535 2180 Praeclarum
559 2147 622 2179 hoc
643 2156 775 2190 quoque
795 2144 1016 2188 Thrasybuli.

316 2206 453 2240 rediens
483 2206 699 2250 Numantia]
733 2205 886 2239 Rediens
910 2204 1124 2239 Gerlachius
1146 2203 1183 2238 vi
1212 2203 1546 2248 plusquamperfecti
1572 2202 1621 2237 si-

222 2266 394 2312 gnificare
417 2271 515 2310 putat
538 2279 642 2312 quum
668 2267 838 2309 rediisses,
862 2267 953 2310 quod
979 2278 1046 2300 non
1065 2266 1167 2310 plane
1184 2252 1387 2300 accuratum
1411 2264 1619 2307 iudicamus,

223 2327 385 2371 quamvis
411 2327 554 2371 plurimi
579 2327 670 2369 sint,
693 2326 754 2370 qui
780 2327 970 2371 praesentis
989 2327 1173 2371 participio
1202 2325 1428 2372 praeteritam
1445 2325 1620 2369 planeque

222 2388 424 2423 absolutam
442 2388 616 2422 actionem
635 2387 829 2432 significari
849 2393 1034 2428 censeant3
1063 2389 1108 2422 cf.
1131 2389 1214 2422 Ger.
1240 2389 1269 2423 1.
1288 2388 1387 2422 Voss.
1405 2387 1448 2420 de
1468 2386 1618 2431 Analog.

223 2448 282 2492 lv,
301 2447 358 2483 14.
381 2459 416 2492 p.
436 2447 518 2482 233.
543 2447 719 2482 Drakenb.
750 2449 796 2482 ad
821 2447 898 2482 Liv.
923 2448 968 2490 11,
996 2447 1054 2490 19,
1073 2448 1106 2482 8.
1140 2448 1328 2482 Ruhnken.
1356 2447 1401 2481 ad
1422 2446 1506 2484 Ter.
1526 2447 1616 2488 Eun,

222 2509 267 2551 Π,
288 2509 324 2551 2,
341 2509 378 2543 3.
402 2508 586 2542 Heindorf.
611 2508 657 2542 ad
675 2508 765 2542 Hor.
785 2509 858 2544 Sat.
889 2509 917 2551 Ι,
937 2507 971 2551 5,
990 2509 1049 2543 95.
1073 2510 1252 2544 Kuehner.
1273 2509 1318 2542 ad
1337 2507 1411 2542 Cic.
1435 2507 1547 2544 Tunc.
1571 2507 1617 2548 ΙΙ,

224 2570 283 2612 25,
304 2570 362 2605 61.
386 2570 600 2604 Ramshorn.
630 2569 830 2604 Grammat.
858 2570 934 2605 Lat.
959 2571 993 2611 §.
1015 2570 1095 2604 171.
1120 2571 1146 2604 1.
1169 2575 1239 2604 not.
1257 2569 1292 2604 2.
1310 2580 1343 2603 a.
1358 2581 1393 2614 p.
1411 2567 1492 2603 465.
1517 2569 1558 2602 F.
1573 2568 1617 2604 Δ.

223 2631 334 2666 Wolf.
363 2631 408 2665 ad
427 2630 522 2665 Suet.
550 2630 649 2664 Caes.
671 2629 730 2665 20.
753 2634 788 2664 et
810 2630 868 2665 37.
893 2630 1033 2665 Walch.
1054 2629 1091 2664 in
1111 2630 1310 2664 Emendatt.
1330 2629 1431 2664 Livv.
1451 2640 1486 2673 p.
1501 2627 1559 2662 82.
1579 2632 1619 2664 et

222 2691 269 2726 ad
285 2690 404 2726 Tacit.
422 2690 580 2737 Agricol.
599 2701 630 2725 c.
653 2690 811 2724 xxvln.
826 2703 858 2735 p.
870 2690 952 2725 322.
1000 2691 1071 2735 Qui
1090 2691 1159 2724 duo
1176 2690 1383 2734 posteriores
1401 2700 1616 2733 quamquam

219 2755 316 2790 recte
341 2755 549 2789 monuerunt
576 2751 658 2787 inde
685 2754 804 2788 ortum
834 2762 911 2787 esse
943 2751 1038 2787 hunc
1062 2750 1244 2796 participii
1282 2749 1472 2796 praesentis
1496 2760 1601 2786 usum
