1716 2996
220 176 308 219 486
341 158 344 169 '
595 172 645 217 e.
672 172 992 217 SALLUSTI
1024 173 1244 219 CRISP1

220 296 358 349 atque
392 289 457 335 uti
492 289 621 334 simul
657 304 762 335 cum
797 299 959 335 occasu
994 291 1096 337 solis
1126 291 1453 352 egrederentur
1479 310 1618 356 para-

220 394 290 434 tos
327 403 425 432 esse
459 386 608 443 iubet,
642 387 850 433 omnibus
887 388 1067 433 sarcinis
1103 366 1288 437 abiectis
1333 405 1450 450 aqua
1478 393 1617 438 modo

193 496 218 535 3
233 500 375 545 seque
414 490 460 529 et
490 485 689 530 iumenta
725 499 929 532 onerare.
996 485 1134 542 Dein,
1169 477 1411 548 postquam
1443 495 1620 553 tempus

221 582 391 639 visum,
437 582 590 627 castris
639 581 872 644 egreditur
888 614 902 639 ,
948 587 1219 642 noctemque
1271 591 1413 630 totam
1465 579 1621 641 itinere

221 680 346 725 facto
393 678 629 734 consedit3
682 680 806 742 idem
859 693 1084 740 proxuma
1137 680 1272 736 facit3
1333 682 1437 728 dein
1489 684 1621 728 tertia

181 795 188 802 Χ
221 777 366 824 multo
400 781 504 821 ante
539 776 648 820 lucis
684 776 929 823 adventum
963 778 1171 838 pervenit
1203 779 1248 826 in
1281 777 1438 826 locum
1469 786 1622 828 tumu-

223 875 394 933 losum,
442 873 501 918 ab
539 873 692 935 Capsa
731 889 821 919 non
861 875 1053 935 amplius
1091 875 1231 920 duum
1261 877 1447 921 millium
1480 879 1620 923 inter-

224 950 360 1029 vallo,
393 971 548 1031 ibique
584 987 721 1030 quam
752 972 1065 1017 occultissume
1092 979 1245 1033 potest
1279 989 1383 1018 cum
1413 976 1620 1020 omnibus

185 1069 367 1130 4copiis
403 1069 654 1130 opperitur.
725 1068 823 1114 Sed
853 1069 931 1114 ubi
967 1069 1062 1114 dies
1093 1070 1267 1131 coepit,
1304 1077 1351 1115 et
1383 1071 1622 1130 Numidae,

223 1166 334 1213 nihil
378 1166 542 1211 hostile
585 1167 863 1223 metuentes,
919 1167 1047 1212 multi
1090 1167 1269 1228 oppido
1309 1169 1500 1229 egressi,
1546 1185 1622 1215 re-

223 1269 367 1326 pente
417 1278 600 1308 omnem
644 1237 921 1322 equitatum,
968 1270 1013 1308 et
1060 1279 1163 1309 cum
1197 1265 1267 1309 his
1303 1266 1622 1312 velocissumos

223 1360 403 1423 pedites
439 1375 571 1405 cursu
605 1360 793 1405 tendere
828 1360 888 1406 ad
920 1359 1120 1422 Capsam
1156 1369 1202 1409 et
1229 1369 1384 1423 portas
1416 1365 1625 1409 obsidere

225 1459 377 1514 iubet3
433 1457 600 1503 deinde
650 1458 747 1518 ipse
792 1458 985 1503 intentus
1031 1474 1232 1524 propere
1279 1459 1429 1521 sequi²
1475 1475 1623 1521 neque

1203 1577 1240 1607 «s

224 1621 398 1662 mutavit,
424 1631 534 1665 quum
564 1632 710 1655 onerare
744 1630 883 1665 quoque
915 1630 961 1653 ex
989 1619 1056 1654 isto
1079 1621 1190 1657 verbo
1212 1621 1368 1666 pendeat·
1395 1638 1442 1649 --
1465 1620 1518 1655 De
1539 1629 1627 1656 voce

226 1683 313 1719 lueis
345 1693 381 1716 v.
413 1682 458 1716 ad
492 1694 524 1718 c.
559 1683 665 1724 XXI,
689 1682 724 1716 2.
755 1701 802 1707 —
839 1682 1045 1727 'I'umulqsns
1074 1683 1200 1726 explic.
1230 1683 1275 1719 ad
1309 1694 1341 1717 c.
1372 1682 1502 1724 LXVI,
1522 1681 1558 1719 2.
1579 1700 1626 1709 —-

227 1744 345 1778 Duum
359 1771 369 1785 ‚
402 1747 442 1777 ut
465 1754 496 1776 e.
520 1743 572 1786 Ia,
595 1743 631 1778 3.
655 1747 690 1778 et
714 1743 800 1785 CVI,
824 1742 860 1778 5.
883 1744 928 1777 ct'.
954 1743 1223 1778 Drakenborch.
1246 1744 1291 1779 ad
1316 1743 1392 1779 biv.
1417 1743 1478 1786 111,
1502 1742 1564 1785 25,
1587 1742 1623 1778 4.

226 1805 319 1841 Ptin.
343 1805 391 1839 H.
415 1804 460 1840 N.
484 1805 572 1846 xx,
596 1804 631 1847 τ,
654 1803 713 1838 24.
747 1806 852 1848 xxi,
876 1806 943 1850 17,
969 1805 1028 1840 68.
1051 1824 1098 1830 —
1128 1805 1189 1848 Aa*
1216 1805 1325 1840 verba
1348 1805 1454 1839 duum
1477 1804 1627 1839 millium

226 1866 459 1912 supplendum
482 1875 558 1899 esse
579 1875 746 1909 passuum
773 1865 925 1901 diximus
955 1867 1002 1902 ad
1027 1878 1058 1900 e.
1082 1865 1222 1910 LXXV,
1247 1865 1283 1902 2.

320 1930 353 1971 ἓ.
378 1926 400 1962 4
421 1947 467 1953 —
486 1927 521 1961 7.
569 1937 645 1960 cum
678 1927 759 1971 his]
803 1928 871 1968 His
905 1940 968 1972 per
997 1926 1138 1974 synesin
1170 1929 1302 1969 spectat
1335 1925 1382 1960 ad
1417 1924 1624 1969 equitatum,

227 1988 329 2033 quasi
366 1988 500 2022 dictum
539 1992 630 2023 esset
667 1987 823 2033 cantitent,
862 1990 966 2033 plane
995 1994 1035 2024 ut
1066 1999 1098 2024 c.
1133 1987 1252 2030 XCV,
1287 1987 1343 2028 1.;
1378 1995 1415 2020 v-
1449 1984 1626 2020 aid-catil.
1683 2012 1687 2020 .

227 2051 393 2092 XXXIX,
425 2050 459 2084 3.
484 2050 527 2084 ad
563 2051 643 2095 lug.
666 2049 752 2101 XV,
778 2049 812 2083 1.
836 2068 881 2075 —
913 2051 1068 2085 Intentus
1099 2047 1356 2092 explicavimus
1378 2047 1423 2083 ad
1447 2058 1478 2081 c.
1502 2046 1626 2089 XLVI,

227 2108 264 2145 5.
286 2129 333 2135 —
364 2110 526 2145 Ceterum
550 2121 615 2155 per
648 2121 687 2144 se
718 2113 813 2155 patet
836 2111 872 2144 h.
897 2112 921 2145 l.
946 2109 1155 2145 adverbium
1179 2120 1276 2152 esse,
1309 2109 1353 2144 de
1375 2119 1502 2153 quoy.
1525 2108 1571 2143 ad
1594 2120 1626 2144 α

210 2170 275 2212 11,
298 2158 344 2204 4(
361 2190 400 2197 —
427 2172 573 2205 Adita
607 2171 767 2215 ἀὶᾕὶοἰῑίε
789 2182 858 2205 uon
882 2172 1099 2216 explicamus
1123 2175 1291 2205 consueto
1314 2181 1414 2206 more
1437 2169 1624 2206 Gramma-

229 2231 381 2267 ticorum
397 2256 409 2274 ,
440 2232 604 2276 supinum
641 2233 678 2266 in
708 2232 734 2267 'u
757 2231 888 2276 ubique
912 2244 977 2277 pro
1002 2231 1160 2268 ablativo
1186 2231 1394 2267 habentium
1410 2254 1420 2272 ‚
1454 2230 1516 2267 sed
1541 2231 1628 2265 duas

228 2292 304 2330 eius
328 2293 463 2327 formas
487 2296 675 2328 statuentes
699 2294 859 2328 dativum
882 2305 958 2329 esse
980 2305 1173 2328 censemus.
1213 2293 1306 2329 Nam
1328 2292 1421 2337 quod
1443 2291 1562 2326 dicunt
1584 2302 1627 2325 ex

222 2354 370 2399 facilis,
396 2354 572 2398 difficilis,
605 2354 724 2399 utilis,
750 2354 940 2397 iucundus,
976 2355 1124 2399 aliisque
1147 2354 1319 2390 eiusmodi
1341 2350 1525 2388 adiectivis
1540 2360 1625 2396 lqu-

229 2414 312 2450 dere
334 2413 451 2459 supini
476 2415 692 2460 ablativum,
729 2415 764 2449 id
800 2427 882 2450 cuin
914 2415 1085 2459 peculiari
1118 2415 1208 2451 sexti
1239 2426 1340 2451 casus
1364 2416 1535 2458 potestate
1555 2422 1627 2447 non

232 2478 346 2520 potest
367 2474 572 2518 conciliari,
597 2487 706 2519 quum
729 2475 795 2510 illo
819 2486 943 2510 caussa
965 2476 1100 2520 aliquid
1133 2477 1290 2511 efficiens
1323 2475 1540 2516 declaretur,
1563 2485 1626 2508 su·-

232 2534 317 2580 pino
347 2538 467 2570 sutem
494 2534 575 2569 finis
607 2536 773 2579 quidam,
806 2537 849 2570 ad
874 2547 978 2580 quem
1003 2537 1122 2580 aliqua
1150 2548 1207 2573 res
1233 2537 1371 2577 tondat,
1397 2534 1628 2580 significetur.

231 2596 285 2630 Ita
308 2606 343 2629 v,
372 2607 403 2629 c.
439 2595 525 2628 liber
558 2596 649 2630 lectu
679 2597 776 2630 utilis
809 2608 877 2630 non
902 2601 954 2631 est
977 2597 1068 2630 liber
1097 2609 1136 2631 eo
1159 2597 1250 2642 qnod
1273 2598 1417 2643 legatur
1440 2600 1502 2631 aut
1525 2596 1624 2631 insti-

231 2660 309 2692 tuta
331 2655 480 2692 lectione
502 2655 620 2700 utilia,
643 2657 703 2692 sed
727 2657 817 2692 liber
841 2657 941 2692 cuius
963 2658 1177 2692 instituenda
1200 2658 1299 2692 lectio
1322 2658 1514 2693 utilitatem
1537 2659 1626 2702 affe-

232 2721 310 2760 rat,
345 2717 421 2751 sivo
445 2717 532 2752 liber
562 2718 611 2752 ad
634 2719 821 2764 legendum
845 2717 953 2752 utilis.
999 2718 1091 2753 Rem
1122 2729 1230 2762 quum
1254 2719 1326 2753 hoe
1349 2718 1509 2762 conticit,
1534 2719 1627 2762 quod

234 2777 350 2822 supini
379 2778 458 2813 loco
488 2777 663 2814 interdum
689 2779 901 2814 substantivi
926 2779 1082 2814 verbalis
1105 2779 1244 2814 dativus
1268 2780 1433 2824 ponitur,
1471 2783 1511 2815 ut
1533 2779 1626 2823 apud
