1716 2996
212 167 298 210 472
578 163 624 208 G.
654 162 991 206 SALLUSTI
1016 159 1248 207 CRISPI

217 281 390 327 munita
437 280 738 342 aggreditur3
791 281 968 342 proelia
1015 280 1179 338 multa,
1224 284 1422 325 ceterum
1464 255 1642 341 levia‚³

178 379 304 426 2alia
338 378 432 423 aliis
467 379 578 423 locis
604 378 771 426 facere.
816 378 997 423 Interim
1031 378 1138 422 novi
1170 378 1331 422 milites
1366 377 1460 422 sine
1488 385 1609 425 metu

211 491 398 541 pugnae
434 475 609 534 adesse,
643 475 798 521 videre
832 475 1044 536 fugientis
1075 474 1178 535 capi
1205 479 1282 519 aut
1315 474 1474 533 occidi,
1512 475 1611 520 for-

213 574 451 619 tissumum
505 588 734 632 quemque
787 572 1095 627 tutissumum,
1147 572 1282 617 armis
1331 572 1611 634 libertatem,

214 671 408 731 patriam
442 677 748 731 parentesque
783 675 829 714 et
865 669 952 713 alia
979 669 1130 714 omnia
1162 669 1282 730 tegi,
1323 669 1514 729 gloriam
1541 676 1612 714 at-

181 779 207 818 3
220 782 309 828 que
348 768 523 813 divitias
569 768 739 828 quaeri.
811 767 890 812 Sic
923 766 1053 811 brevi
1085 767 1231 828 spatio
1275 767 1381 810 novi
1413 772 1613 813 veteres-

176 871 306 926 4que
341 866 576 923 coaluere,
625 871 670 911 et
703 865 842 910 virtus
889 864 1088 909 omnium
1124 863 1321 923 aequalis
1355 863 1490 909 facta.
1550 866 1614 911 At

155 959 162 962 ’
214 979 374 1024 reges,
410 964 491 1008 ubi
526 962 585 1008 de
620 963 817 1008 adventu
846 960 970 1006 Mari
1005 965 1336 1022 cognoverunt,
1377 960 1541 1007 divorsi
1568 962 1614 1007 in

215 1061 343 1106 locos
379 1060 573 1106 difficilis
602 1062 781 1107 abeunt.
837 1059 908 1104 lta
938 1058 1187 1121 Iugurthae
1223 1038 1471 1119 placueian
1505 1075 1615 1120 spe-

222 1199 327 1233 qnem
351 1197 557 1233 perversum
580 1183 739 1219 ordinem
773 1185 984 1221 Gerlachius
1013 1185 1051 1220 in
1073 1185 1209 1221 maiore
1231 1184 1286 1220 ed.
1310 1188 1484 1220 retentum
1505 1198 1618 1232 nuper

219 1248 364 1283 demum
387 1248 586 1292 relinquere
609 1256 714 1280 ausus
737 1250 800 1283 est.
846 1248 892 1282 Et
914 1247 967 1282 ita
989 1247 1086 1281 iubat
1111 1257 1180 1280 non
1204 1246 1319 1280 solum
1344 1247 1515 1290 oppositio
1537 1238 1617 1283 vei·-

217 1310 346 1345 borum
369 1311 482 1344 multa
505 1311 540 1342 et
565 1307 678 1349 levia,
709 1306 771 1341 sed
793 1306 902 1342 etiam
924 1311 1084 1341 constans
1107 1317 1190 1341 usus
1219 1305 1418 1351 geminatas
1441 1308 1532 1342 alius
1554 1320 1619 1344 vo-

219 1372 270 1406 cis
292 1371 426 1405 formas
458 1369 557 1404 iuxta
587 1368 806 1410 collocandi3
838 1379 873 1404 v.
897 1368 943 1403 ad
966 1367 1044 1403 Cat.
1069 1368 1130 1411 vl,
1153 1367 1189 1401 2.
1212 1378 1250 1412 p.
1273 1367 1333 1402 32.
1380 1367 1619 1405 Nihilominus

219 1432 376 1468 Weisius
397 1431 601 1476 vulgatam,
623 1429 807 1473 tami1uam
828 1428 1118 1474 integerrimam,
1140 1428 1306 1473 repetiit.-

312 1495 345 1537 ς.
370 1493 406 1528 2.
453 1492 528 1526 εἰπε
552 1491 671 1534 metu]
698 1488 845 1524 Collatia
867 1488 932 1532 iis,
956 1499 1047 1533 quae
1069 1501 1101 1525 c.
1125 1489 1235 1532 Lxx,
1257 1487 1293 1524 5.
1319 1488 1364 1523 de
1385 1494 1500 1525 metue
1521 1490 1620 1526 vocis

219 1540 478 1602 significatione
505 1545 679 1594 diximus,
702 1553 852 1596 apparet
874 1550 949 1584 aine
973 1555 1067 1586 metu
1088 1550 1125 1584 h.
1150 1550 1177 1585 l.
1200 1549 1409 1595 respondere
1429 1540 1620 1588 vernaculo

222 1616 431 1661 kaztblmig.
456 1633 502 1640 —
539 1612 613 1648 Aut
645 1617 726 1648 ante
764 1612 876 1648 occidi
908 1622 1018 1656 quum
1045 1611 1082 1646 in
1105 1611 1214 1647 Fabr.
1236 1610 1272 1645 2.
1295 1610 1404 1654 desit,
1425 1610 1463 1646 in
1485 1612 1558 1647 Ine.
1583 1612 1619 1649 ².

222 1681 342 1713 autem
366 1676 508 1721 legatur
531 1679 573 1710 et
596 1674 728 1717 occidi,
753 1683 775 1708 a
798 1672 918 1708 Cortio
941 1676 977 1708 et
998 1684 1021 1708 a
1046 1671 1240 1708 Gerlachio
1262 1672 1300 1706 in
1323 1672 1377 1706 ed.
1400 1672 1537 1708 maiore
1559 1672 1620 1709 dess

221 1739 335 1773 letum
357 1741 423 1772 est.
469 1736 523 1771 Ac
545 1747 608 1780 per
630 1746 668 1770 se
703 1734 789 1769 ferri
821 1745 922 1780 posse
953 1734 1146 1780 asyndeton
1176 1731 1284 1767 facila
1314 1735 1486 1778 concedo,
1507 1736 1621 1772 altero

222 1799 332 1835 verbo
355 1809 464 1843 quam
488 1795 590 1842 prius
611 1795 801 1841 graviore,
825 1800 866 1831 ut
889 1807 951 1841 per
973 1793 1220 1842 gradationem
1243 1792 1422 1828 adiectum
1444 1794 1561 1838 dicas3
1583 1808 1619 1832 v.

223 1860 269 1897 ad
294 1860 402 1895 Catil.
425 1858 550 1900 xum,
572 1857 607 1892 2.
631 1858 711 1892 coll.
737 1857 799 1899 XI,
822 1855 858 1891 4.
882 1860 917 1892 et
939 1857 986 1892 ad
1008 1856 1086 1902 lug.
1116 1855 1196 1898 XX,
1213 1853 1255 1889 8.
1280 1854 1356 1889 Liv.
1382 1855 1457 1899 vn,
1481 1855 1540 1900 33,
1560 1854 1620 1891 15.

224 1926 299 1958 tum
322 1921 451 1966 capi,
494 1918 650 1953 occidi
673 1919 813 1954 Samnis
821 1931 836 1961 ‚-
865 1919 925 1955 sed
946 1918 985 1953 in
1008 1916 1168 1953 omnium
1189 1915 1265 1951 fere
1286 1915 1460 1950 librorum
1482 1927 1621 1951 summo

225 1994 395 2018 consensu
417 1981 507 2016 nihil
528 1981 736 2016 mutandum
761 1983 827 2015 est.
843 1999 887 2006 -
910 1980 964 2014 De
986 1978 1104 2014 verbis
1124 1978 1280 2024 patriam
1300 1988 1386 2023 par
1401 1989 1452 2012 en
1465 1981 1621 2023 tesqua

224 2055 262 2080 v.
281 2043 327 2078 ad
350 2043 454 2078 Catil.
478 2043 538 2088 vl,
563 2041 599 2079 5.
646 2041 747 2077 Locis
770 2040 822 2076 ibi
845 2039 1000 2075 laudatis
1021 2040 1082 2075 hie
1107 2039 1270 2076 addimus
1304 2037 1423 2074 Tacit.
1446 2038 1537 2074 Hist.
1558 2038 1623 2081 111,

225 2104 262 2148 5,
285 2105 377 2140 med.
428 2105 501 2140 Nec
535 2103 720 2150 quicquam
753 2103 854 2148 prius
885 2102 1106 2144 imbuuntur,
1143 2111 1249 2146 quam
1281 2097 1621 2145 contemnet-efflans,

226 2178 351 2202 exuere
380 2166 607 2210 patriam,
643 2168 880 2210 parentes.
912 2162 989 2198 Cic.
1023 2162 1095 2200 off.
1125 2163 1165 2207 1,
1191 2160 1261 2204 1⁷,
1284 2158 1343 2196 58.
1391 2161 1430 2195 Sa·
1452 2161 1623 2196 eontentio

227 2228 404 2273 quaedam
436 2232 472 2262 et
507 2216 723 2271 c'omparauo
751 2226 842 2270 fiat,
882 2224 1005 2269 quibus
1041 2224 1230 2270 plurimum
1264 2221 1485 2258 tribuendum
1517 2221 1624 2266 offici,

224 2289 401 2335 principes
423 2288 492 2323 sint
512 2287 679 2334 patria
701 2290 844 2331 atque
872 2290 1123 2331 parentes,
1148 2295 1292 2331 quorum
1316 2282 1488 2327 beneficiis
1510 2281 1624 2316 masi-

229 2349 298 2384 mie
320 2348 471 2394 obligati
492 2360 621 2383 sumus.
653 2347 704 2384 ld.
738 2347 783 2381 (le
815 2346 950 2381 lavent.
972 2347 1023 2390 11,
1046 2339 1121 2391 22&
1139 2346 1198 2381 66.
1250 2345 1478 2380 Pietatem
1501 2341 1623 2387 appel-

231 2410 325 2452 lant,
349 2420 439 2455 quae
463 2421 553 2455 erga
574 2409 783 2455 patriam
807 2413 873 2443 aut
893 2412 1117 2452 parentes
1151 2411 1214 2441 aut
1237 2405 1327 2440 alios
1349 2403 1520 2449 sanguine
1542 2413 1625 2436 con-

230 2471 365 2507 iunctos
396 2471 550 2515 officium
585 2480 792 2505 conservare
823 2473 950 2504 monet.
987 2470 1078 2514 Epp.
1103 2469 1148 2503 ad
1170 2467 1307 2502 Famm.
1329 2464 1359 2507 1,
1377 2462 1414 2506 9,
1437 2461 1496 2497 44.
1548 2461 1625 2496 Vim

231 2543 341 2578 neque
369 2532 565 2577 parenti
598 2543 708 2577 neque
739 2530 926 2576 patriae
960 2530 1083 2575 afferri
1112 2532 1281 2574 oportere.
1303 2544 1350 2551 —
1379 2523 1513 2567 Quaeri
1544 2521 1571 2557 ἰ.
1594 2533 1626 2556 e·

232 2591 455 2638 comparari3
478 2602 513 2625 V.
538 2592 583 2625 ad
607 2602 638 2625 c.
665 2591 729 2635 111,
753 2590 787 2625 3.
813 2602 848 2635 p.
873 2590 931 2627 18.

325 2656 359 2697 §.
381 2654 418 2691 3.
442 2656 479 2689 et
498 2652 534 2687 4.
581 2651 659 2696 sio]
703 2651 787 2685 Vim
821 2651 927 2686 huius
961 2648 1154 2695 particulae
1183 2645 1438 2680 illustravimus
1469 2644 1513 2679 ad
1548 2644 1627 2679 Cat.

234 2716 309 2758 vll,
333 2716 367 2751 6.
391 2734 437 2740 —
466 2714 557 2749 Νουί
578 2717 778 2758 veteresque
809 2710 987 2756 quomodo
1020 2709 1088 2744 sibi
1110 2712 1330 2753 opponantur
1351 2706 1484 2741 dictum
1507 2708 1560 2740 est
1581 2703 1627 2739 ad

234 2788 265 2812 c.
289 2776 434 2818 Lxxv,
458 2774 493 2810 8.
518 2795 563 2800 -
587 2775 723 2821 Reges,
756 2772 929 2819 Iugurtha
952 2775 986 2807 et
1010 2771 1184 2806 Bocchus.
1211 2789 1254 2795 —-
1290 2769 1342 2804 De
1366 2768 1521 2803 adventu
1542 2763 1629 2811 quid
