1716 2996
385 555 1101 618 LECTORIBUS

732 713 774 749 8.

204 818 757 890 maneamus
826 841 1282 890 Kanzms.

61 1110 241 1220 Quod
270 1151 318 1195 in
348 1151 629 1212 praefatione
668 1150 900 1196 voluminis
926 1165 1118 1211 operum
1146 1147 1440 1198 Sallustiano-

60 1270 163 1300 rum
195 1252 381 1299 secundi
412 1258 515 1298 ante
546 1259 717 1313 paucos
751 1268 926 1306 meuses
961 1252 1069 1297 editi
1102 1250 1441 1311 quodammodo

60 1361 303 1418 auguratus
337 1370 484 1411 eram,
517 1355 680 1400 multos
709 1355 810 1399 fore
843 1355 920 1414 qui
953 1369 1092 1414 aegre
1126 1354 1296 1398 ferrent
1320 1352 1441 1407 istud

59 1460 272 1505 volumen
307 1458 400 1505 sine
437 1456 589 1504 Indice
631 1457 678 1500 in
713 1457 947 1516 publicum
983 1456 1193 1502 emissum
1230 1471 1329 1501 esse
1338 1492 1358 1525 2
1391 1455 1442 1499 id

60 1576 168 1606 vere
205 1574 281 1604 me
321 1558 563 1604 coniecisse
602 1564 784 1603 eventus
812 1557 1138 1619 comprobavit.
1203 1557 1293 1606 Vix
1322 1572 1442 1608 8111111

61 1663 212 1722 aliqua
237 1660 549 1720 exemplorum
576 1666 710 1727 parte*
734 1661 916 1706 vendita
955 1660 1029 1705 alii
1070 1660 1345 1721 bibliopolae
1377 1659 1439 1714 si-

61 1731 330 1826 gnificatum
357 1763 476 1808 male
499 1769 648 1807 actum
676 1778 786 1820 esse,
822 1764 948 1824 quod
979 1763 1095 1807 haee
1116 1762 1313 1807 Sallustii
1337 1761 1439 1806 edi-

60 1867 125 1912 tio
155 1882 209 1911 ea
249 1871 378 1926 parte
406 1872 601 1921 careret,
645 1866 740 1910 sine
781 1880 871 1923 qua
912 1881 985 1910 res
1026 1866 1075 1910 in
1112 1863 1438 1908 commentariis
1505 1893 1516 1904 .

61 1974 276 2016 tractatae
303 1967 560 2019 difficillime
584 1968 630 2019 in
657 1982 786 2011 usum
809 1966 1012 2012 adhiberi
1039 1972 1237 2029 possunt,
1272 1965 1348 2009 alii
1363 1980 1438 2009 me

62 2070 210 2130 ipsum
238 2070 532 2129 impulerunt,
566 2075 616 2122 ut
652 2053 848 2122 indicem
881 2071 1150 2130 promissum
1178 2083 1314 2127 quam
1339 2068 1437 2128 pri-

61 2186 188 2216 mum
204 2171 300 2215 fieri
321 2177 474 2230 posset
502 2186 703 2231 seorsum
730 2171 911 2223 ederem
943 2177 989 2226 et
1011 2171 1184 2223 duobus
1213 2169 1435 2230 prioribus

62 2272 356 2317 voluminibus
388 2273 514 2331 quasi
546 2272 806 2337 appendicis
846 2274 949 2319 loco
977 2273 1283 2332 adiungerem.
1350 2252 1437 2316 His

62 2374 445 2419 adhortationibus
473 2375 671 2418 virorum
706 2377 966 2423 auctoritate
996 2376 1237 2435 insignium
1268 2389 1323 2418 eo
1349 2374 1437 2417 mi-

62 2489 144 2520 nus
165 2491 326 2537 parere
351 2477 484 2533 nolui,
514 2476 637 2541 qupd
662 2476 810 2533 index,
842 2492 977 2535 quem
1002 2476 1325 2530 desiderabant,
1348 2488 1436 2517 uon

63 2590 181 2620 nunc
215 2577 397 2622 demum
430 2578 558 2623 nobis
593 2578 676 2622 fuit
708 2578 1030 2636 conficiendas,
1064 2578 1147 2624 sed
1178 2577 1307 2622 simul
1334 2589 1437 2619 cum

65 2676 277 2722 absolutis
325 2679 384 2724 de
430 2680 654 2742 Iugurtha
702 2681 1025 2727 commentariis
1069 2680 1298 2729 confectus
1340 2675 1435 2719 fuit.
