1702 2982
443 178 813 229 IUGU'RTHA.
871 176 997 221 GAP.
1027 176 1173 221 XXII.
1417 178 1504 221 13⁶1

117 296 373 358 οσίιιιιςὴ,
417 296 565 356 quod*
577 291 780 351 Romae,
825 294 943 339 dum·
967 264 1413 356 proficisci'parant,
1443 292 1503 338 «le

70 407 93 448 sp
114 394 292 454 proelio
338 394 460 438 facto
518 399 565 448 et
615 392 959 454 oppugnatione
1011 391 1162 437 Cirtae
1215 389 1502 445 audiebatur3

115 489 198 535 sed
239 490 277 535 is
322 506 474 535 rumor
509 491 703 536 clemens
741 495 847 534 erat.
921 489 1129 545 Quorum
1164 487 1383 549 Iugurtha
1419 492 1536 532 auc-2

116 648 162 683 ad
185 660 216 682 c.
238 649 354 690 XCII,
377 648 412 685 2.
445 647 599 692 Supinae
631 652 749 683 antem
781 647 1019 694 negligentiae
1049 646 1264 692 accusandus
1293 650 1346 681 est
1376 647 1506 681 Gerla-

117 709 238 750 chius,
263 709 323 753 qui
346 709 428 753 quid
450 709 567 743 Italici
593 710 692 743 codd.
715 709 906 754 praebeant
927 721 972 743 ne
1001 709 1111 743 verbo
1141 707 1284 752 quidem
1318 707 1506 741 monuerit.

119 789 162 795 —
186 770 257 804 Pro
282 771 334 804 ita
365 770 484 803 decem
514 770 613 804 codd.
646 771 814 814 itaque,
844 771 938 815 quod
973 781 1016 803 ex
1046 769 1314 812 interpolatione
1347 769 1504 802 additum

117 831 268 876 vulgata
286 820 437 865 deterius
459 833 530 870 θείς
553 840 635 864 nam
658 831 849 875 asyndeton
865 831 1032 877 gravitati
1053 830 1213 871 Senatus,
1236 829 1402 862 brevibus
1418 839 1505 862 ver-

119 890 181 925 bis·
194 889 275 932 usi,⁴
297 890 413 936 magis
435 890 643 933 respondere
664 890 800 935 quivis,
823 892 968 936 opinor,
993 891 1098 925 facile
1120 889 1254 924 sentiet.
1290 889 1388 923 Idem
1414 890 1507 924 valet

118 951 162 986 de
184 963 257 991 esse
278 955 357 1008 post
377 951 545 996 dignum,
567 961 632 995 pro
656 963 728 995 quo
752 963 878 987 novem
901 952 1002 988 codd.
1018 954 1103 994 fore
1129 950 1314 993 exhibent,
1343 961 1366 984 a
1386 949 1506 984 Curtio

118 998 307 1057 receptum.
377 1013 515 1046 Certum
555 1012 649 1046 enim
690 1010 838 1047 Senatus
868 1012 1041 1056 expromit
1077 1010 1303 1053 sententiam3
1348 1011 1508 1045 futurum

70 1100 75 1104 .
118 1076 291 1115 eventum,
314 1072 374 1116 qui
397 1073 522 1107 dubius
545 1077 607 1115 est,
635 1084 703 1107 non
727 1078 839 1108 curat.
864 1073 976 1108 Aliter
997 1073 1175 1107 Adherbal
1199 1073 1235 1105 in
1257 1071 1405 1115 supplici
1428 1083 1506 1106 ora-

118 1133 215 1169 ti'ono
235 1134 272 1169 in
294 1137 415 1168 senatu
438 1134 562 1168 habita
586 1146 617 1168 c.
642 1135 739 1177 xlv,
770 1133 827 1168 18.
863 1135 1052 1169 Masinissa
1082 1146 1145 1168 nos
1175 1134 1229 1168 ita
1260 1133 1432 1176 instituit,
1463 1144 1509 1167 ne

120 1206 219 1240 quem
253 1196 439 1230 coleremus
461 1195 530 1228 nisi
549 1195 714 1240 populum
739 1195 957 1245 Romanum5
990 1183 1128 1231 abunde
1159 1205 1295 1239 magna
1326 1194 1509 1237 praesidia

119 1256 216 1290 nobis
241 1257 280 1290 ἰῶ
313 1261 431 1291 vostra
455 1257 616 1290 amicitia
631 1259 748 1300 fore.
795 1258 908 1302 Seque
930 1257 1067 1302 illisque
1090 1255 1263 1290 Weissius
1285 1254 1373 1288 bene
1395 1255 1509 1298 expli-

120 1319 198 1350 entr
229 1316 415 1358 Βοωωιίε,
448 1316 531 1360 quia
561 1316 707 1350 minime
738 1314 905 1360 decebat,
936 1317 1042 1359 illos,
1079 1317 1140 1362 qui
1171 1316 1209 1351 iu
1241 1327 1363 1350 eorum
1396 1317 1509 1352 tutela

121 1379 259 1419 oneum
279 1377 412 1411 bellum
434 1376 526 1412 inter
547 1388 584 1412 se
607 1389 750 1424 gerere;
784 1379 982 1415 Adherbale
1006 1383 1041 1414 et
1063 1378 1240 1425 Iugurtha
1254 1403 1265 1419 ‚
1299 1377 1385 1422 quia
1418 1377 1510 1413 inter

119 1446 159 1471 ss
177 1437 319 1482 cognati
328 1442 449 1474 ‘ei-ant.

131 1576 136 1579 ,
213 1535 324 1571 xxn.
370 1539 402 1580 §-
428 1537 461 1574 1.
503 1538 674 1583 proficisci
702 1538 848 1583 parant]
881 1536 1023 1572 Fabric.
1058 1537 1093 1571 1.
1114 1541 1263 1582 parent,
1286 1537 1450 1580 soloece;
1473 1549 1512 1573 v.

123 1593 300 1630 Drakenb.
329 1597 373 1631 ad
407 1598 483 1632 biv·
512 1599 551 1639 1,
586 1597 656 1640 40,
687 1598 724 1631 7.
759 1599 911 1632 Gronov.
944 1598 989 1632 ad
1019 1597 1077 1639 11,
1109 1597 1180 1639 47,
1209 1595 1247 1633 5.
1294 1599 1350 1632 De
1379 1609 1511 1642 parare

123 1656 233 1689 verbo
265 1656 311 1691 cf.
345 1657 389 1691 ad
414 1659 488 1692 Cat.
521 1651 649 1700 XLVI,
681 1657 716 1694 3.
740 1678 786 1683 —
810 1659 967 1692 Clemens
988 1657 1157 1693 Priscian.
1181 1659 1313 1701 XVIII,
1336 1658 1406 1702 26,
1429 1659 1512 1696 2⁴17.

124 1714 173 1750 Τ.
196 1716 239 1750 11.
260 1728 297 1761 p.
319 1717 401 1752 250.
424 1719 480 1753 ed.
509 1719 573 1752 Kr.
596 1718 641 1752 ad
672 1719 710 1752 h.
744 1719 769 1752 1.
802 1718 992 1763 respiciens
1025 1719 1111 1753 satis
1142 1720 1231 1753 bene
1262 1720 1413 1764 explicat
1441 1733 1513 1755 mm

124 1777 274 1819 ninius,-
304 1778 500 1819 accuratius
524 1778 694 1812 Gruterus
717 1779 820 1813 illum
840 1789 1019 1814 rumorem
1042 1781 1250 1814 clementem
1272 1781 1394 1815 vocari
1417 1781 1512 1825 dicit,

124 1837 209 1881 quia
238 1838 334 1874 iufra
361 1850 483 1874 verum
514 1839 643 1880 fuerit,
657 1839 861 1884 ‘minusque
894 1841 1049 1884 atrocia,
1078 1852 1187 1885 quam
1218 1853 1258 1875 re
1281 1852 1366 1875 vera
1388 1847 1512 1884 essent,

125 1898 337 1943 vulgaverit.
366 1900 518 1935 Omnino
542 1900 657 1944 enim,
678 1901 849 1935 translata
870 1911 893 1934 a
915 1901 1074 1936 moribus
1096 1902 1142 1936 ad
1164 1914 1221 1936 res
1244 1901 1513 1946 significatione,

126 1959 273 1994 eleum
294 1959 421 1995 dicitur
444 1960 608 2006 quicquid
629 1961 808 1995 mediocre
831 1965 901 2002 est,
923 1973 1037 2006 neque
1058 1961 1304 2007 magnitudine
1327 1966 1390 1997 aut
1412 1973 1515 2007 aspe-

124 2017 231 2053 ritate
249 2031 314 2054 sua
334 2021 493 2056 offendit.
518 2022 564 2056 cf.
585 2021 699 2056 Tacit.
725 2021 861 2057 Annali.
884 2023 980 2067 Xlll,
1002 2022 1062 2064 38,
1085 2023 1122 2057 3.
1145 2024 1256 2056 locum
1280 2022 1432 2068 delegit,
1455 2035 1516 2058 cu-

127 2077 182 2112 ins
205 2090 290 2124 pars
315 2083 431 2116 altera
454 2083 557 2118 colles
584 2087 685 2118 erant
710 2083 964 2118 clementer
999 2089 1234 2129 assurgentes.
1266 2083 1388 2118 Germ.
1418 2096 1448 2119 c.
1480 2084 1519 2120 1.

132 2139 313 2174 Danubius
329 2144 463 2177 molli
486 2148 530 2178 et
553 2141 803 2178 clementer
827 2145 923 2178 edita
941 2146 1067 2179 montis
1090 2145 1254 2178 Abnobae
1271 2144 1357 2189 iugo
1376 2146 1519 2190 eff’usus,

130 2199 194 2233 ubi
223 2211 258 2234 v.
288 2201 415 2236 Franc.
440 2203 590 2249 νΡειειειιν.
620 2203 792 2238 Similiter
822 2206 908 2238 lenis
938 2210 973 2239 et
1006 2206 1130 2239 leniter
1162 2205 1208 2238 ab
1239 2205 1357 2239 animo
1392 2206 1437 2240 ad
1460 2217 1519 2241 res

129 2260 355 2304 transfertur,
373 2262 418 2297 de
439 2275 508 2307 quo
530 2275 596 2298 usu
617 2274 653 2298 v-
676 2265 939 2300 Drakenborch.
963 2267 1008 2300 ad
1034 2265 1112 2300 Liv.
1136 2267 1191 2311 Π,
1215 2264 1282 2308 50,
1306 2265 1361 2300 10.

223 2344 258 2389 9.
282 2344 316 2379 2.
361 2357 504 2391 quorum
521 2346 695 2391 Iugurtha
712 2352 857 2391 accepta
868 2349 1044 2395 oratione]
1069 2350 1267 2384 Verborum
1290 2348 1376 2383 ordo
1397 2349 1518 2393 paullo

131 2403 336 2439 insolentior
357 2405 557 2440 simillimus
578 2405 656 2441 eius
677 2410 748 2449 est,
772 2407 832 2451 qui
855 2409 1008 2443 habetur
1031 2410 1109 2446 Cat.
1135 2409 1322 2451 XXXVII,
1346 2409 1381 2444 9.
1409 2410 1518 2445 Prae-

133 2469 231 2500 terea
263 2477 451 2512 qaorum
485 2467 634 2502 victoria
662 2468 782 2503 Sullae
810 2475 1031 2514 parentes
1059 2472 1268 2516 proscript1'3
1300 2482 1336 2504 v.
1372 2471 1416 2505 ad
1440 2471 1518 2506 Cat.

135 2526 278 2570 XXIX,
309 2527 345 2562 3.
377 2540 413 2572 p.
447 2527 528 2562 135.
558 2548 605 2554 —-
634 2529 758 2564 senati
788 2536 861 2563 esse
883 2527 991 2576 longe
1011 2531 1158 2575 plurimi
1180 2533 1279 2566 codd.
1305 2532 1456 2573 habent3
1480 2531 1518 2566 iu

135 2587 308 2621 nonnullis
329 2590 447 2622 tamen
468 2588 662 2624 infinitivus
683 2595 735 2624 est
756 2594 834 2634 post
859 2579 995 2634 carius,
1024 2590 1062 2625 in
1085 2592 1292 2627 Commelin.
1317 2595 1395 2635 post
1417 2593 1517 2637 quic-

137 2657 262 2690 quam
285 2648 402 2683 Guelf.
425 2644 511 2683 vero
531 2649 590 2684 ll.
613 2653 649 2685 et
671 2650 792 2685 decem
814 2650 935 2686 Lcidd.
958 2651 1062 2696 plane
1083 2663 1153 2686 non
1176 2656 1383 2698 agnoscunt,
1408 2657 1518 2696 quare

137 2705 277 2742 eortin-
306 2712 343 2744 et
371 2709 537 2745 Gerlach.
569 2710 607 2745 in
638 2711 693 2745 ed.
725 2712 808 2746 mai.
833 2711 1036 2747 omiserunt.
1083 2712 1153 2746 Sed
1179 2713 1394 2757 optimorum
1417 2713 1518 2749 codd.

141 2773 321 2802 consensus
348 2769 524 2806 maxn'mus
554 2781 627 2806 esse
659 2771 737 2806 iure
766 2771 858 2806 tueri
888 2771 1037 2808 videtur.
1071 2793 1118 2815 τ-
1152 2773 1193 2807 Ιιι
1215 2773 1392 2809 nonnullis
1415 2773 1514 2809 codd.
