1702 2982
146 198 232 239 14⁰
522 195 567 239 C.
597 194 921 240 SALLUSTI
949 194 1173 242 CRISPI

146 326 409 372 expugnare
442 316 620 372 potest3
656 312 775 357 vallo
810 318 948 373 atque
982 313 1104 359 fossa
1135 314 1312 360 moenia
1345 315 1542 362 circum-

149 409 240 467 dat,
275 408 407 453 turris
445 410 643 471 exstruit,
680 425 848 470 easque
873 410 1105 471 praesidiis
1131 411 1303 468 firmat3
1332 418 1539 473 practer-

147 522 202 551 ea
257 506 353 550 dies
398 506 637 566 noctisque
674 512 751 552 aut
793 522 879 568 per
923 507 1037 567 vim,
1081 509 1309 583 aut=ddlis
1350 514 1569 569 tentare,

146 603 458 649 defensoribus
494 604 729 660 moenium¹
764 604 968 665 praemia
999 605 1168 665 modo,
1209 605 1347 651 modo
1381 605 1541 651 formi-

142 701 295 747 dinem
332 706 580 759 ostentare,
617 716 720 747 suos
756 700 982 747 hortando
1017 704 1078 748 ad
1111 703 1318 749 virtutem
1364 684 1541 765 arrige-

142 855 184 885 ta
211 860 268 883 res
293 853 345 882 est
373 848 417 883 ab
444 850 537 884 omni
560 861 689 895 genere
721 835 909 886 hominum.
933 870 980 877 —
1009 852 1147 887 Vallum
1168 857 1274 897 atque
1284 854 1386 896 fossa
1407 850 1445 885 111
1462 850 1541 885 11111-

141 914 248 945 turna
280 909 463 944 obsidione
498 911 678 955 adhibita,
715 923 760 946 ne
793 912 838 947 ab
863 912 1123 957 erumpentibus
1146 914 1312 947 damnum
1337 915 1540 957 paterentur

142 972 353 1006 obsidentes.
378 972 501 1017 veget.
523 973 592 1016 lv,
616 973 673 1007 28.
701 973 846 1018 Propter
864 973 958 1019 quod
977 974 1172 1008 obsidentes
1196 975 1292 1008 ultra
1319 974 1450 1007 iactum
1476 973 1541 1008 teli

133 1036 323 1078 fossam
339 1034 508 1077 faciunt,
534 1035 679 1079 eamque
704 1045 774 1067 non
802 1035 912 1068 solum
939 1036 1071 1069 vallo
1095 1039 1130 1069 et
1153 1034 1316 1076 sudibus,
1341 1034 1403 1068 sed
1431 1034 1539 1068 etiam

139 1095 319 1129 tui-riculis
348 1094 545 1136 instruunt,
576 1100 616 1129 ut
641 1094 896 1138 erumpentibus
922 1105 964 1129 ea·
997 1095 1196 1130 civitatibus
1211 1099 1347 1140 possent
1364 1095 1540 1130 obsistere.

138 1156 219 1190 Liv.
235 1155 361 1197 'XXV,
384 1154 442 1196 22,
460 1153 493 1188 8.
516 1154 589 1188 Cic.
606 1155 696 1199 Epp.
714 1155 789 1197 XV,
805 1154 838 1198 4,
855 1154 912 1190 21.
931 1155 1043 1192 eom.
1076 1157 1122 1192 cf.
1148 1156 1243 1191 infra
1266 1168 1297 1192 c.
1322 1157 1480 1199 LXXVI,
1505 1156 1540 1190 2.

136 1216 401 1252 Drakenborch.
421 1215 467 1249 ad
484 1214 558 1249 mv.
577 1216 636 1258 VI,
652 1215 687 1257 8,
702 1214 726 1249 9
755 1215 906 1249 Nitschii
921 1215 1061 1261 Antiqq.
1078 1218 1182 1252 Rom.
1200 1218 1244 1252 Τ.
1259 1219 1304 1253 ΙΙ.
1325 1231 1360 1263 p.
1377 1218 1539 1254 1495.—

139 1278 353 1322 Noctisque
379 1287 499 1311 omnes
523 1275 607 1309 libri
634 1276 787 1317 firmant,
817 1279 960 1320 excepto
986 1278 1058 1312 Inc.
1082 1278 1117 1312 1.
1144 1278 1180 1312 in
1204 1291 1274 1323 quo
1289 1281 1417 1325 copula
1431 1279 1539 1315 deest.

137 1340 230 1374 Eum
247 1341 388 1371 secutus
405 1341 456 1371 est
473 1337 624 1379 Cortius,
641 1341 715 1371 tam
732 1348 856 1380 parum
873 1337 1004 1385 iudicio
1019 1337 1085 1371 sibi
1102 1343 1273 1384 constans,
1300 1343 1350 1382 ut,
1376 1351 1486 1384 quum
1501 1340 1539 1374 in

140 1399 259 1434 Guelf.
276 1398 310 1433 9.
327 1397 408 1432 Sen.
424 1397 460 1432 2.
476 1401 511 1432 et
527 1398 653 1432 Heuss.
669 1397 855 1432 invenisset
869 1402 985 1432 noctes
1002 1398 1152 1443 diesque,
1177 1399 1246 1434 hoc
1267 1412 1406 1444 quoque
1426 1411 1538 1446 genu-

138 1460 238 1496 inum
266 1471 341 1493 esse
367 1458 573 1493 affirmaret.
597 1478 644 1484 -—
672 1459 854 1493 Ostentare
878 1459 924 1492 ad
948 1459 1176 1502 formidinem
1206 1461 1359 1496 relatum
1391 1472 1461 1496 non
1486 1466 1538 1496 est

139 1531 312 1567 zeugma,
350 1519 649 1563 quemadmodum
680 1519 726 1553 ad
767 1519 1009 1564 germanicam
1049 1520 1185 1555 dicendi
1218 1521 1391 1562 rationem
1423 1521 1538 1557 videri

137 1583 272 1629 possit3
306 1592 389 1616 nam
413 1583 589 1614 ostentare
617 1580 752 1625 aliquid
773 1583 826 1615 est
853 1581 960 1615 alicui
984 1581 1118 1626 aliquid
1135 1592 1205 1616 non
1220 1582 1537 1627 0010810003Ρί-

139 1644 350 1680 ciendum
375 1647 408 1676 et
434 1641 749 1684 considerandum,
777 1641 837 1675 sed
867 1641 975 1676 etium
1002 1644 1354 1687 exspectandum
1385 1643 1445 1678 vel
1466 1643 1536 1678 ti-

138 1705 346 1741 mendum
376 1703 568 1747 praebere,
598 1702 673 1735 sive
705 1702 838 1746 aliquid
871 1704 1099 1747 expetendum
1131 1705 1187 1738 vel
1211 1705 1426 1751 fugiendum
1456 1716 1537 1750 pro·

135 1777 275 1813 ponere.
301 1765 416 1799 Tacit.
441 1763 529 1798 Ann.
554 1764 643 1807 XII,
666 1762 731 1805 12,
754 1763 790 1797 3.
822 1769 968 1799 vocante
998 1765 1173 1800 Carrhene
1199 1771 1234 1801 et
1266 1777 1340 1800 res
1371 1777 1534 1810 prom-

134 1832 244 1874 ptas
269 1830 495 1860 ostentari
510 1830 553 1859 te
578 1843 624 1850 —-
653 1824 853 1859 Armeniam
866 1829 1004 1868 petunt.
1025 1826 1076 1860 ib.
1098 1827 1204 1870 XIII,
1240 1825 1310 1870 35,
1333 1825 1366 1860 4.
1392 1827 1535 1862 Corbulo

138 1889 280 1922 laudem
298 1887 467 1929 strenuis,
491 1887 657 1920 solatium
673 1885 856 1927 invalidis,
882 1886 1074 1930 exemplum
1096 1887 1249 1920 omnibus
1268 1888 1534 1923 ostendere.

137 1949 292 1986 Histoi-r.
317 1948 366 1990 V,
390 1947 457 1990 24,
479 1947 527 1984 in.
555 1948 701 1982 Cerialis
726 1946 875 1980 Batavis
901 1956 1047 1990 pacem,
1073 1947 1177 1981 Ciuili
1203 1948 1343 1982 veniam
1374 1953 1532 1982 osten-

138 2015 274 2052 tans,
317 2008 483 2042 Veledam
515 2008 738 2042 admonebat.
768 2005 942 2040 Similiter
972 2008 1110 2043 Annali.
1145 2008 1187 2053 1,
1222 2008 1288 2051 21,
1323 2008 1358 2043 2.
1384 2009 1533 2043 Seianus

137 2072 261 2106 ceteris
277 2070 508 2114 periculorum
526 2069 827 2114 praemiorumque
855 2071 1094 2103 ostentato
1106 2081 1136 2104 r.
1168 2069 1440 2114 Angustioribus
1462 2069 1534 2115 igi-

139 2136 200 2168 1111·
233 2130 362 2164 tinibus
384 2130 486 2166 verbi
511 2129 749 2176 significatum
772 2129 1036 2172 comprehendit
1058 2131 1219 2165 Dukerus
1241 2131 1285 2165 ad
1308 2130 1385 2165 niv.
1408 2130 1476 2172 vl,
1499 2129 1536 2169 5.

140 2195 187 2236 2.,
211 2194 460 2238 interpretatus
479 2191 682 2236 promittere
700 2201 808 2235 spem,
828 2193 965 2234 facere.
992 2191 1177 2226 Ostentare
1193 2195 1310 2226 autem
1335 2191 1429 2236 apud
1452 2191 1535 2226 Sal-

138 2255 308 2298 lustium,
340 2252 484 2287 Livium
517 2256 552 2286 et
587 2239 753 2285 Tacitum
791 2251 930 2285 nonnisi
970 2251 1187 2295 antiquitatis
1227 2252 1380 2296 quodam
1417 2253 1536 2287 colore

137 2316 284 2351 differre
316 2315 362 2349 ab
396 2312 575 2348 ostendere
605 2315 700 2346 recte
731 2312 870 2347 monuit
906 2312 950 2347 G.
983 2313 1116 2349 Ludov.
1146 2313 1287 2357 Waleb.
1329 2312 1375 2347 ad
1414 2311 1534 2348 Tacit.

138 2376 257 2422 Agr-ic.
276 2387 306 2411 c.
332 2376 375 2409 11.
402 2386 437 2419 p.
461 2373 542 2407 112.
569 2376 604 2407 et
629 2373 844 2408 Boetticher.
869 2374 953 2408 Lex.
991 2374 1105 2408 Tacit.
1130 2386 1163 2418 p.
1187 2373 1270 2408 336.
1293 2384 1327 2407 v.
1357 2371 1463 2406 etiam
1487 2373 1532 2407 ad

139 2437 245 2480 Catil.
279 2435 484 2476 xxxvm,
517 2433 551 2467 1.
581 2445 616 2477 p.
654 2433 736 2469 177.
794 2435 958 2469 Ceterum
998 2435 1147 2469 fortasse
1186 2432 1381 2477 simplicior
1423 2432 1531 2466 etiam

137 2501 337 2540 structurae
365 2499 471 2538 atque
503 2505 623 2528 sensus
655 2494 745 2529 ratio
769 2495 858 2537 erit,
883 2495 913 2528 si
930 2495 1157 2537 formidinem
1182 2494 1303 2539 paullo
1325 2492 1460 2527 rariore
1478 2493 1534 2527 di-

139 2559 239 2594 cendi
269 2568 336 2592 mu
368 2556 422 2591 ita
454 2558 665 2598 usurpatum
697 2558 851 2598 statuas,
883 2558 923 2589 ut
953 2566 1022 2589 non
1045 2555 1221 2600 significet
1243 2557 1377 2588 metum
1399 2553 1529 2599 ipsum,

141 2631 213 2665 quo
246 2618 384 2654 animus
413 2618 575 2657 tenetur,
608 2615 669 2650 sed
701 2615 758 2660 id,
788 2616 881 2661 quod
910 2619 1042 2650 metum
1074 2617 1132 2650 vel
1162 2613 1384 2651 formidinem
1416 2615 1534 2650 facere

143 2685 179 2715 et
201 2679 354 2714 excitare
376 2677 508 2723 possit,
536 2687 611 2711 rem
629 2679 920 2721 formidolosam,
947 2677 1242 2721 quemadmodum
1271 2675 1388 2710 odium
1418 2679 1453 2710 et
1476 2677 1532 2711 in-

143 2741 279 2776 vidiam
311 2738 381 2773 dici
413 2751 478 2784 pro
514 2749 554 2772 re
577 2749 667 2782 quae
690 2739 807 2772 odium
830 2737 888 2771 vel
909 2737 1079 2771 invidiam
1105 2738 1228 2772 excitet
1251 2737 1369 2771 docuit
1393 2737 1533 2772 Walch·

145 2801 313 2836 Emendd.
346 2800 446 2836 Livv.
479 2812 510 2835 c.
547 2799 608 2834 XI.
640 2811 675 2844 p.
698 2798 778 2833 226.
804 2799 851 2832 cf.
874 2798 952 2843 lug.
974 2797 1174 2841 LXXXIX,
1200 2797 1234 2832 1.
1258 2797 1383 2832 Consul
1405 2797 1534 2844 oppida
