1716 2996
259 140 318 182 26
875 135 1050 178 INDEX

264 249 381 287 Ceteri
402 248 574 285 diversia
596 248 747 291 rollonis,
773 249 812 284 C.
836 247 872 291 3,
887 247 932 283 5.
977 242 1038 291 43,
1070 246 1106 286 1.
1150 246 1210 293 52,
1231 247 1292 284 31.
1308 252 1363 274 '—
1382 247 1413 284 Ι.
1437 247 1506 292 91,
1531 249 1568 285 2.
1590 249 1654 284 ubi

354 307 452 353 prior
473 307 658 352 explicatio
679 310 900 340 retractatur.

264 367 379 403 Ceteri
397 378 466 401 vox
490 366 565 400 eine
583 365 711 409 copula
733 362 1020 408 praecedentum·
1041 362 1193 408 additur,
1217 363 1257 398 C.
1279 361 1398 409 15,1.
1441 359 1502 405 57,
1524 362 1561 399 1.

264 427 407 461 Ceteras
428 423 602 470 singulari
622 433 780 464 numero,
804 422 830 456 Ι.
853 421 912 465 89,
935 420 971 455 6.

265 482 470 519 Ceterumi.
494 494 528 525 q.
553 480 625 523 sed,
649 481 677 515 1.
702 480 738 522 2,
761 478 796 514 4.
845 478 903 523 14,
926 479 960 514 1.

264 542 441 587 Cethegus
465 540 555 585 (C),
579 539 619 573 C.
645 536 704 581 17,
727 538 762 572 2.

265 600 460 641 chiasmus,
483 597 523 633 C.
545 595 605 640 61,
626 596 662 631 9.
707 594 792 638 Ι.,7
814 593 849 630 5.
896 594 956 638 26,
978 594 1013 629 8.

265 658 368 692 Cibus
391 658 589 690 menstruus
612 664 635 689 a
658 653 832 688 militibus
851 653 1068 697 portabatur,
1092 651 1118 686 Ι.
1143 648 1199 694 45,
1221 651 1256 686 2.

265 714 368 750 Cibus
404 712 443 748 in
472 712 675 747 uuiversum
712 711 882 746 alimenta
918 714 1040 746 notans
1079 709 1187 745 etiam
1219 711 1344 754 potum
1378 706 1654 755 comprehendit,

357 772 384 806 1.
408 770 466 813 89,
490 770 526 805 8.
1343 789 1348 795 .

265 830 371 865 Circa
393 831 429 864 et
453 829 581 863 civ-cum
603 826 879 873 praepositiones
900 826 1059 861 absolute
1079 825 1225 872 positae,
1248 826 1289 862 C.
1310 824 1370 868 8⁰,
1391 823 1429 862 3.

266 887 456 923 Circumire
477 886 636 932 vigiliae,
659 885 690 920 Ι.
700 882 768 926 45,
792 884 829 920 2.

266 945 458 980 Circumire
479 942 609 978 melior
632 943 749 977 forma
774 953 881 986 quam
901 943 1058 986 circuire,
1082 942 1110 978 1.
1135 941 1192 984 49,
1215 941 1252 977 2.

266 1002 548 1046 Circumscriptio
571 999 739 1036 vocabuli
762 1000 871 1036 alium
893 1000 1101 1036 sententiam
1122 1000 1279 1046 praebe?
1304 1002 1413 1043 utque
1437 995 1572 1033 nalum
1592 1004 1657 1032 vo*

357 1060 537 1101 cabulum,
560 1060 586 1094 Ι.
611 1057 670 1104 14,
692 1057 752 1099 33.

267 1121 523 1159 circumvenire
545 1118 572 1152 i.
595 1129 628 1161 q.
653 1115 864 1160 opprimere,
888 1116 927 1150 C.
951 1115 1010 1158 31,
1032 1115 1069 1152 9.
1117 1115 1146 1150 Ι.
1170 1115 1263 1158 7,1.
1308 1113 1367 1157 56,
1389 1112 1439 1149 6.
1468 1071 1635 1158 88,.4·

268 1179 524 1217 Circumvenire
547 1176 573 1210 i.
597 1187 631 1219 q.
656 1174 876 1209 circumdare
898 1179 934 1210 et
957 1174 1111 1220 cingere,
1131 1174 1159 1208 Ι.
1181 1172 1242 1218 76,
1266 1172 1302 1207 2.
1346 1171 1408 1216 88,
1428 1169 1468 1206 4.

267 1239 390 1277 Civilis
412 1237 437 1273 i.
456 1245 496 1280 q.
515 1233 638 1275 comis,
659 1233 687 1266 Ι.
713 1229 772 1273 85,
795 1231 855 1266 35.

268 1297 404 1333 Civitas
427 1294 452 1329 i.
477 1304 512 1337 q.
537 1302 636 1337 genn,
660 1290 699 1324 C.
723 1288 781 1331 46,
805 1286 841 1324 4.

268 1355 406 1392 Civitas
430 1362 500 1386 vox
521 1348 628 1395 genit.
642 1347 735 1391 plur.
755 1350 790 1381 et
813 1346 850 1379 in
872 1356 930 1379 um
953 1346 989 1378 et
1009 1339 1047 1378 in
1063 1340 1136 1378 ium
1158 1329 1343 1381 exeuntem
1361 1344 1484 1388 habet,
1504 1345 1542 1380 C.
1554 1343 1611 1389 40,
1619 1343 1655 1378 2.

268 1411 467 1453 claritudo,
491 1405 667 1451 a'ntiquior
689 1405 815 1445 forma,
839 1403 866 1437 Ι.
889 1402 925 1444 2,
940 1401 975 1436 4.

269 1473 406 1508 Classes
429 1468 672 1502 Romanorum
688 1462 725 1496 in
748 1472 853 1495 censu
868 1471 910 1493 ac
933 1458 1075 1501 militia,
1097 1459 1127 1495 1.
1141 1458 1200 1502 86,
1222 1459 1260 1496 2.

270 1532 426 1567 Clemens
448 1525 475 1560 i.
497 1535 531 1568 q.
556 1533 627 1556 non
651 1519 793 1561 nimius,
817 1519 845 1552 Ι.
869 1517 926 1552 22.
952 1518 986 1554 l.

271 1586 482 1632 Glepsydrae
503 1591 588 1616 usus
607 1579 644 1613 in
668 1575 888 1612 instituendis
911 1574 1060 1620 vigiliis,
1076 1575 1110 1610 Ι.
1138 1573 1195 1637 99,
1212 1575 1249 1612 1.

271 1647 422 1684 Clientes
443 1642 481 1677 in
503 1635 696 1685 provincia,
718 1636 756 1670 C.
780 1634 838 1675 19,
862 1627 898 1671 5,

273 1705 474 1749 coarguere
498 1698 523 1733 i.
547 1708 581 1740 q.
605 1693 762 1741 graviter
787 1703 947 1737 arguere,
971 1691 1009 1727 C.
1034 1684 1094 1734 47,
1116 1685 1151 1726 2.

273 1763 383 1798 cocus
404 1756 533 1793 rectius
553 1752 717 1789 scribitur
740 1761 846 1794 quam
868 1762 1003 1796 coquus,
1029 1751 1057 1786 Ι.
1080 1748 1145 1792 85,
1167 1736 1227 1783 39.

273 1821 419 1854 Coccum
442 1825 565 1858 corpus
588 1810 716 1845 dicitur
739 1814 891 1854 tergum,
916 1810 942 1843 Ι.
968 1807 1049 1851 167,
1072 1808 1104 1841 1.
1163 1817 1178 1834 -·

275 1879 402 1912 Coccue
426 1874 467 1908 ob
491 1870 626 1916 aliquid
647 1868 764 1912 inepta
785 1870 970 1908 structura,
994 1867 1022 1902 1.
1046 1865 1104 1907 37,
1125 1864 1162 1901 4.

274 1934 395 1979 Coepit
422 1931 542 1976 aliqua
565 1939 621 1962 res
644 1926 718 1961 sine
741 1926 860 1960 addito
874 1926 972 1970 fieri,
996 1925 1022 1960 1.
1045 1923 1103 1965 33,
1126 1922 1162 1957 4.

275 1994 426 2036 Coeptus
446 1993 498 2024 est
523 1998 603 2021 cum
626 1983 722 2020 infin.
746 1995 836 2028 pass.
861 1994 926 2028 pro
950 1983 1074 2028 coepit,
1097 1982 1124 2016 Ι.
1149 1980 1209 2022 27,
1231 1981 1265 2016 1.
1310 1979 1371 2025 31,
1389 1975 1429 2015 8.

276 2049 456 2085 coercitus
480 2045 540 2089 qui
564 2043 718 2078 coerceri
740 2045 865 2087 potest,
889 2040 917 2074 Ι.
942 2039 1001 2082 76,
1025 2040 1058 2073 1.
1104 2038 1163 2080 91,
1186 2037 1224 2073 7.

276 2109 412 2153 Cogere
435 2102 597 2138 molliore
619 2112 721 2136 sensu
745 2103 798 2134 est
819 2098 1025 2142 impellere,
1049 2094 1286 2141 perrundendo
1307 2094 1472 2142 adigere,
1493 2091 1523 2131 Ῑ.
1545 2089 1605 2139 84,
1624 2064 1660 2131 2.

277 2163 454 2211 cognatio
478 2161 617 2196 diversa
640 2160 685 2206 ab
709 2152 1120 2199 affinitate,1.111‚2.

279 2224 491 2268 Cognoscere
514 2219 598 2264 quid
621 2204 762 2252 differat
784 2216 829 2249 ab
854 2225 1055 2260 agnoscere,
1072 2213 1111 2246 C.
1132 2210 1191 2256 47,
1211 2208 1249 2247 3.

278 2281 495 2326 Cognoscere
517 2280 552 2310 et
576 2285 765 2321 agnoscere
789 2272 944 2312 confusa,
970 2271 1008 2304 C.
1032 2267 1091 2314 35,
1112 2269 1153 2304 2.

278 2339 494 2383 Cognoscere
515 2334 558 2367 de
581 2332 705 2376 aliqua
727 2341 777 2373 re,
801 2330 828 2364 Ι.
853 2328 910 2371 84,
932 2328 967 2363 3.

280 2396 495 2440 Cognoscere
518 2391 666 2435 aliquem
687 2387 895 2432 praegnanti
919 2397 1022 2421 sensu
1044 2365 1188 2451 ᾱίοῐιιῖιι,
1212 2384 1240 2419 Ι.
1261 2381 1322 2428 82,
1342 2381 1376 2417 l.

281 2452 450 2498 Cognitus
474 2450 619 2483 alicuius
640 2447 691 2481 rei
707 2449 743 2479 et
761 2442 882 2489 aliqua
896 2457 947 2489 re,
972 2447 1000 2480 1.
1023 2444 1082 2489 84,
1104 2443 1141 2479 2.
1232 2454 1233 2457 ’

281 2512 412 2546 Cohors
428 2509 600 2549 Romanu,
631 2504 658 2539 Ι.
681 2503 739 2547 38,
765 2503 799 2538 6.
847 2502 908 2547 99,
931 2503 963 2537 1.
1274 2522 1278 2524 »

282 2570 403 2604 Colere
426 2563 623 2611 aliquemi.
644 2574 679 2606 q.
700 2561 852 2606 benigne
874 2564 1037 2602 tractare,
1059 2560 1087 2598 Ι.
1109 2557 1167 2604 85,
1189 2558 1274 2593 34.’·
1304 2552 1308 2583 ἶ

282 2626 404 2660 Colere
427 2628 461 2659 et
485 2623 664 2660 observare
688 2619 843 2662 aliquem
866 2629 935 2664 quo
958 2616 1107 2659 differat,
1129 2616 1158 2651 1.
1181 2614 1238 2657 16,
1264 2613 1300 2649 Β.
1350 2624 1353 2627 ⁴

285 2682 475 2718 Collectiva
497 2679 672 2724 pluralem
693 2675 792 2711 verbi
813 2685 998 2710 numerum
1019 2674 1206 2716 asciscunt,
1218 2667 1268 2708 C.
1290 2670 1340 2716 6,
1327 2668 1410 2748 ².
1427 2666 1469 2742 2,
1477 2669 1524 2706 -4,
1545 2668 1612 2741 23,
1626 2667 1663 2703 6.

373 2740 403 2776 Ι.
428 2736 485 2783 15,
508 2738 544 2774 2.
590 2735 648 2779 16,
672 2734 707 2770 1.
754 2733 812 2777 95,
840 2734 875 2768 1.
1287 2751 1289 2753 -
