1716 2996
190 178 280 220 266
516 197 518 199 ·
561 178 615 224 Ε.
643 177 976 225 SALLUSTI
1006 180 1232 228 CRISP'I

192 291 374 338 militiae
409 297 529 351 erat,
564 299 614 338 ut
649 295 811 342 absens
847 314 903 343 an
931 314 1164 360 praesens,
1198 316 1367 362 pacem
1397 319 1458 367 an
1486 305 1590 350 bel-

190 390 285 436 lum
319 405 486 452 gerens
520 392 814 452 perniciosior
849 403 964 442 esset
997 398 1043 443 in
1077 399 1250 445 incerto
1285 399 1540 448 haberetur.

328 488 515 537 XLVII.
585 490 699 534 Erat
731 491 856 537 haud
889 494 1032 556 longe
1074 496 1135 541 ab
1181 512 1238 542 eo
1273 497 1455 558 itinere,
1493 515 1585 558 quo

189 584 403 632 Metellus
448 587 678 648 pergebat
695 622 709 646 ,
755 589 980 650 oppidum
1025 593 1325 639 Numidarum
1344 630 1358 653 ‚
1407 597 1587 643 nomine

187 768 369 804 intellecta
397 772 517 805 autem
546 769 705 815 ineptam
739 772 948 808 sententiam
970 774 1152 819 praebere.
1196 775 1318 820 Neque
1339 776 1433 812 enim
1455 777 1586 823 ubique

186 829 321 874 equites
342 831 498 867 hostium
522 836 642 875 erant,
664 845 777 878 neque
799 835 964 869 Metellus
985 836 1022 869 id
1045 836 1230 871 consilium
1252 838 1428 881 habebat,
1451 842 1491 873 ut
1513 850 1584 882 eos,

131 915 133 918 -
186 891 250 935 qui
270 891 339 926 sibi
363 893 517 928 maxime
533 896 680 930 cavendi
703 899 825 937 essent,
851 900 1036 939 quaereret
1057 901 1278 942 peteretque3
1301 910 1424 933 verum
1447 899 1484 934 id
1499 910 1585 945 age-

184 952 266 994 bat,
299 957 338 987 ut
370 959 494 989 contra
523 956 658 990 subitas
693 956 927 991 Numidarum
951 956 1110 1001 equitum
1142 959 1387 1003 aggressiones
1408 961 1582 996 exereitus

182 1024 291 1057 quam
313 1013 538 1051 firmissimus
562 1021 670 1060 esset,
696 1028 844 1061 eamque
868 1017 913 1051 ob
937 1029 1097 1053 caussam
1113 1019 1290 1063 peditibus
1313 1020 1350 1054 in
1371 1022 1488 1056 medio
1502 1023 1580 1056 col-

181 1075 326 1118 locatis,
359 1079 434 1109 tum
466 1076 503 1111 in
535 1077 650 1121 primo
676 1082 782 1122 atque
816 1082 1017 1123 postremo,
1055 1084 1132 1115 tum
1162 1079 1199 1115 in
1230 1081 1342 1116 latere
1362 1085 1513 1126 utroque
1534 1092 1580 1117 ea

180 1136 341 1171 militum
370 1148 502 1181 genera
535 1139 795 1183 collocaverat,
828 1140 889 1184 qui
921 1139 1083 1175 hostibus
1105 1140 1263 1176 arcendis
1285 1138 1580 1178 maxime‘idonet

179 1203 307 1234 essent.
353 1198 422 1232 His
449 1200 556 1233 rebus
580 1199 630 1233 ita
654 1201 805 1244 provisis
840 1213 878 1235 se
912 1202 1112 1236 confidebat
1137 1202 1307 1237 Numidas
1323 1227 1334 1246 ,
1374 1215 1579 1249 quacunque

179 1261 241 1294 oia
263 1261 324 1294 vel
349 1272 551 1305 quacunque
576 1273 617 1295 ex
631 1267 735 1305 parte
759 1263 967 1297 invaderent
990 1263 1171 1297 Romanos
1196 1263 1265 1297 iter
1286 1264 1466 1307 facientes,
1492 1276 1578 1309 pro·

176 1322 321 1366 pulsare
358 1333 481 1366 posse3
515 1322 561 1357 cf.
595 1334 625 1357 e.
659 1323 741 1365 LV,
766 1323 801 1359 8.
844 1335 927 1368 qua
960 1329 1204 1358 venturum
1234 1325 1365 1359 hostem
1399 1324 1576 1360 audierat.

176 1383 378 1426 xxxvln,
410 1383 447 1417 6.
494 1383 529 1417 E
540 1395 657 1428 aque
687 1384 864 1419 Numidae
895 1385 1009 1419 cuncti
1040 1386 1211 1430 irrupere.
1244 1385 1323 1420 Liv.
1355 1385 1427 1426 lv,
1451 1383 1517 1426 19,
1538 1384 1576 1420 2.

178 1445 357 1478 Cornelius
381 1444 504 1479 Cossus
536 1457 642 1490 quum
676 1447 725 1479 ad
765 1446 933 1490 impetum
970 1446 1163 1488 Tolumnii,
1206 1457 1494 1491 quacumque
1525 1456 1573 1481 se

174 1505 479 1548 intendisset,
502 1506 720 1550 trepidantes
744 1506 924 1540 Romanas
945 1507 1080 1541 videret
1103 1512 1249 1543 turmas.
1295 1507 1372 1541 Iam
1396 1506 1493 1540 vides
1511 1517 1573 1540 αο-

174 1567 296 1601 cedere
318 1577 426 1609 quam
450 1567 675 1600 commodum
698 1578 837 1601 sensum
868 1567 1002 1602 habeat
1031 1567 1075 1601 de
1095 1567 1220 1602 subitis
1241 1567 1436 1613 Iugurthae
1458 1567 1571 1610 impe-

171 1627 267 1662 tibus
292 1626 530 1670 intellectum,
561 1628 682 1671 quales
710 1628 918 1673 saepissime
936 1628 999 1662 ille
1030 1628 1150 1662 facere
1180 1629 1337 1671 solebat,
1373 1627 1569 1663 uttsallu-

169 1689 256 1724 etius
279 1692 401 1723 narrat
425 1701 458 1724 c.
483 1689 523 1731 Ia,
543 1688 576 1723 5.
602 1689 687 1730 mv,
707 1688 741 1723 9.
765 1689 854 1731 LVI,
877 1689 911 1723 εἰ.
935 1689 1025 1732 mx,
1041 1690 1074 1724 2.
1100 1690 1175 1732 Lx,
1197 1689 1232 1724 3.
1279 1690 1472 1735 Equitatus
1490 1690 1570 1734 plu-

168 1751 237 1786 rali
272 1749 429 1795 positum
462 1750 595 1795 legitur
624 1749 733 1784 etiam
762 1751 857 1793 apud
889 1750 988 1785 Caes.
1018 1751 1064 1784 B.
1090 1750 1131 1786 C.
1154 1752 1190 1793 1,
1213 1751 1271 1794 61,
1293 1750 1328 1786 3.
1359 1750 1423 1785 ubi
1445 1750 1568 1786 Davis.

168 1813 317 1847 contulit
342 1812 442 1848 Auct.
466 1812 510 1845 de
534 1813 576 1847 Β.
600 1811 703 1855 Hisp.
727 1821 758 1844 c.
783 1809 841 1845 36.
866 1811 909 1844 de
930 1810 977 1845 B.
1000 1810 1076 1846 Afr.
1101 1822 1132 1848 c.
1159 1811 1216 1848 14.
1240 1815 1275 1846 et
1300 1811 1397 1845 Flor.
1419 1810 1482 1853 111,
1506 1810 1566 1853 11,

167 1874 202 1911 8.
241 1875 297 1909 Ad
325 1873 581 1909 emendandum
611 1872 731 1906 locum
763 1875 924 1905 'nostrum
961 1871 1175 1906 Gerlachius
1211 1876 1306 1906 recte
1337 1872 1426 1906 vidit
1456 1871 1566 1907 etiam

166 1941 360 1978 commate,
390 1935 483 1979 quod
507 1935 616 1979 vulgo
640 1936 718 1977 post
743 1933 949 1967 accederent
970 1932 1142 1975 habetur,
1174 1935 1253 1976 post
1276 1933 1423 1967 hostium
1446 1926 1563 1967 traus-

166 1997 282 2042 posito
306 2009 381 2031 esse
405 2007 513 2040 opus,
537 1996 598 2030 sed
625 2006 688 2039 pro
713 1993 943 2028 inconstantia
965 2003 1030 2037 sua
1053 1992 1089 2026 in
1106 1993 1159 2027 ed.
1175 1993 1266 2031 Jniu.
1283 2006 1403 2029 rursus
1418 1995 1464 2028 ad
1482 1995 1562 2028 vul-

164 2062 300 2105 gatam,
324 2059 360 2092 in
385 2059 593 2092 Commentt.
617 2068 650 2100 p.
664 2054 746 2089 285.
766 2054 980 2097 damnatam,
1001 2054 1119 2090 rediit.
1164 2054 1233 2089 Vix
1253 2059 1306 2090 est
1329 2059 1447 2089 autem
1469 2056 1562 2100 quod

164 2124 351 2155 moneatur
375 2131 418 2154 ex
439 2117 651 2163 antegressis
684 2128 740 2151 eos
762 2115 919 2160 suppleri
942 2116 1093 2158 debere,
1116 2117 1212 2160 quod
1243 2116 1289 2151 ad
1317 2118 1563 2161 propulsarent

163 2181 358 2227 pertineat3
387 2181 432 2215 cf.
459 2192 488 2214 c.
515 2179 634 2220 XXV,
659 2177 696 2213 7.
721 2177 862 2219 XXXI,
885 2177 943 2212 28.
968 2178 1102 2222 XLIX,
1126 2177 1160 2212 4.
1186 2178 1312 2220 LXXI,
1335 2177 1370 2214 2.
1394 2178 1502 2220 xcn,
1524 2177 1567 2215 2.

162 2243 270 2284 XCV,
295 2243 330 2277 2.
351 2263 397 2268 —
425 2243 499 2285 Que
523 2244 601 2284 post
624 2244 727 2274 tanta
749 2239 869 2273 Vinar.
893 2239 928 2273 1.
952 2250 1021 2273 non
1044 2240 1173 2282 habet,
1197 2251 1239 2275 ac
1261 2241 1388 2284 probat
1410 2239 1559 2274 Cottius.

161 2305 254 2339 Eum
280 2303 492 2338 Gerlachius
516 2306 611 2337 recte
634 2301 775 2346 quidem
799 2312 868 2335 non
891 2305 1031 2335 secutus
1051 2305 1123 2344 est3
1146 2302 1204 2336 sed
1228 2301 1322 2346 quod
1344 2301 1429 2335 dicit
1450 2311 1557 2343 „ora-

160 2365 266 2400 tionis
290 2376 475 2398 numerum
498 2364 694 2398 necessario
717 2363 942 2406 postulare“,
966 2366 1004 2396 ut
1028 2373 1093 2407 que
1121 2363 1286 2404 addatur,
1309 2361 1346 2396 id
1369 2360 1470 2395 nihili
1493 2364 1555 2395 ent.

160 2426 272 2472 Quasi
295 2437 379 2460 vero
403 2426 551 2469 copulae
573 2423 691 2468 ellipsi
712 2423 827 2457 omnis
848 2434 1014 2458 numerus
1045 2427 1242 2463 evertatur,
1274 2434 1386 2466 neque
1406 2422 1555 2466 asynde-

162 2490 227 2522 ton
256 2487 294 2521 in
325 2485 497 2521 Sallustio
534 2485 620 2519 ferri
649 2484 777 2529 possit!
805 2503 852 2509 -
896 2484 1022 2518 Pacem
1051 2496 1100 2518 an
1131 2485 1256 2518 bellum
1288 2494 1461 2529 gerens
1494 2494 1554 2527 per

161 2559 312 2594 zeugma
335 2547 468 2581 dietum
491 2558 567 2581 esse
589 2558 656 2581 non
681 2545 830 2580 dubium
853 2545 1009 2587 videtur3
1030 2555 1114 2580 nam
1135 2544 1276 2588 proprie
1293 2555 1417 2589 pacem
1431 2555 1554 2588 gerere

161 2621 231 2644 non
264 2608 404 2643 dicitur.
449 2607 561 2642 Aliter
591 2607 707 2641 visum
738 2607 880 2648 Fabro,
915 2605 975 2650 qui
1006 2616 1158 2650 zeugma
1188 2605 1249 2638 hic
1275 2604 1402 2640 haberi
1434 2610 1553 2651 negat,

160 2671 245 2716 quia
265 2682 390 2717 gerere
408 2669 527 2709 valeat
547 2669 746 2711 ostendere,
768 2669 826 2702 vel
847 2679 936 2712 prae
959 2679 995 2702 se
1012 2669 1124 2709 serre.
1171 2665 1242 2699 Sed
1265 2665 1316 2699 sie
1338 2677 1476 2710 quoque
1501 2666 1553 2700 di-

160 2743 264 2766 versa
285 2732 423 2766 ratione
445 2730 594 2764 verbum
617 2729 661 2763 ad
685 2729 754 2764 duo
779 2728 998 2764 substantiva
1020 2727 1144 2761 reterri
1167 2727 1204 2762 in
1228 2732 1392 2772 promptu
1419 2731 1482 2762 est.
1505 2728 1552 2761 cf.

159 2793 308 2839 Fragm.
330 2792 485 2828 Historr.
508 2793 582 2826 lue.
607 2789 689 2826 160.
745 2791 791 2826 Ut
812 2801 882 2825 res
905 2791 1021 2835 magis
1045 2799 1150 2834 quom
1171 2789 1317 2824 verba
1338 2799 1555 2835 gereren-
