<?xml version="1.0" encoding="UTF-8"?>
<!DOCTYPE html PUBLIC "-//W3C//DTD XHTML 1.0 Transitional//EN"
    "http://www.w3.org/TR/xhtml1/DTD/xhtml1-transitional.dtd">
<html xmlns="http://www.w3.org/1999/xhtml" xml:lang="en" lang="en">
 <head>
  <title>
</title>
<meta http-equiv="Content-Type" content="text/html;charset=utf-8" />
  <meta name='ocr-system' content='tesseract 3.04.00' />
  <meta name='ocr-capabilities' content='ocr_page ocr_carea ocr_par ocr_line ocrx_word'/>
</head>
<body>
  <div class='ocr_page' id='page_1' title='image "./operaquaesupersu02salluoft_0664.png"; bbox 0 0 1716 2996; ppageno 0'>
   <div class='ocr_carea' id='block_1_1' title="bbox 274 133 1060 180">
    <p class='ocr_par' dir='ltr' id='par_1_1' title="bbox 274 133 1060 180">
     <span class='ocr_line' id='line_1_1' title="bbox 274 133 1060 180; baseline -0.006 0"><span class='ocrx_word' id='word_1_1' title='bbox 274 138 333 180; x_wconf 73' lang='lat'><strong><em>84</em></strong></span> <span class='ocrx_word' id='word_1_2' title='bbox 887 133 1060 176; x_wconf 74' lang='lat' dir='ltr'>INDEX</span> 
     </span>
    </p>
   </div>
   <div class='ocr_carea' id='block_1_2' title="bbox 239 244 1662 2767">
    <p class='ocr_par' dir='ltr' id='par_1_2' title="bbox 275 244 924 293">
     <span class='ocr_line' id='line_1_2' title="bbox 275 244 924 293; baseline -0.005 -10"><span class='ocrx_word' id='word_1_3' title='bbox 275 249 472 284; x_wconf 81' lang='lat' dir='ltr'><strong><em>Ferentarii</em></strong></span> <span class='ocrx_word' id='word_1_4' title='bbox 493 247 554 293; x_wconf 80' lang='lat' dir='ltr'><strong><em>qni</em></strong></span> <span class='ocrx_word' id='word_1_5' title='bbox 575 246 719 290; x_wconf 78' lang='lat' dir='ltr'><strong><em>fuerint,</em></strong></span> <span class='ocrx_word' id='word_1_6' title='bbox 742 246 782 283; x_wconf 84' lang='lat' dir='ltr'><strong>C.</strong></span> <span class='ocrx_word' id='word_1_7' title='bbox 805 244 866 289; x_wconf 99' lang='grc'><strong><em>60,</em></strong></span> <span class='ocrx_word' id='word_1_8' title='bbox 887 245 924 280; x_wconf 86' lang='grc'><strong><em>2.</em></strong></span> 
     </span>
    </p>

    <p class='ocr_par' dir='ltr' id='par_1_3' title="bbox 274 301 1238 350">
     <span class='ocr_line' id='line_1_3' title="bbox 274 301 1238 350; baseline -0.001 -9"><span class='ocrx_word' id='word_1_9' title='bbox 274 308 386 342; x_wconf 76' lang='lat' dir='ltr'><strong><em>Ferox</em></strong></span> <span class='ocrx_word' id='word_1_10' title='bbox 410 306 438 342; x_wconf 86' lang='lat' dir='ltr'><strong><em>i.</em></strong></span> <span class='ocrx_word' id='word_1_11' title='bbox 459 317 495 350; x_wconf 82' lang='lat' dir='ltr'><strong><em>q.</em></strong></span> <span class='ocrx_word' id='word_1_12' title='bbox 519 305 622 340; x_wconf 78' lang='lat' dir='ltr'><strong><em>fortis</em></strong></span> <span class='ocrx_word' id='word_1_13' title='bbox 646 308 681 340; x_wconf 85' lang='lat' dir='ltr'><strong><em>et</em></strong></span> <span class='ocrx_word' id='word_1_14' title='bbox 704 308 878 345; x_wconf 72' lang='lat' dir='ltr'>strennue,</span> <span class='ocrx_word' id='word_1_15' title='bbox 901 303 942 338; x_wconf 84' lang='lat' dir='ltr'><strong>G.</strong></span> <span class='ocrx_word' id='word_1_16' title='bbox 966 301 1024 348; x_wconf 89' lang='lat'>11,</span> <span class='ocrx_word' id='word_1_17' title='bbox 1039 301 1075 338; x_wconf 87' lang='lat'><strong><em>5.</em></strong></span> <span class='ocrx_word' id='word_1_18' title='bbox 1120 302 1180 346; x_wconf 87' lang='grc'><strong><em>61,</em></strong></span> <span class='ocrx_word' id='word_1_19' title='bbox 1201 303 1238 340; x_wconf 92' lang='grc'><strong>4.</strong></span> 
     </span>
    </p>

    <p class='ocr_par' dir='ltr' id='par_1_4' title="bbox 274 360 1615 410">
     <span class='ocr_line' id='line_1_4' title="bbox 274 360 1615 410; baseline 0 -10"><span class='ocrx_word' id='word_1_20' title='bbox 274 366 380 400; x_wconf 85' lang='lat' dir='ltr'><strong><em>Ferre</em></strong></span> <span class='ocrx_word' id='word_1_21' title='bbox 403 365 558 410; x_wconf 81' lang='lat' dir='ltr'><strong><em>aliquam</em></strong></span> <span class='ocrx_word' id='word_1_22' title='bbox 580 375 652 398; x_wconf 84' lang='lat' dir='ltr'><strong><em>rem</em></strong></span> <span class='ocrx_word' id='word_1_23' title='bbox 676 363 700 397; x_wconf 82' lang='grc' dir='ltr'><strong>ἱ.</strong></span> <span class='ocrx_word' id='word_1_24' title='bbox 715 375 749 407; x_wconf 86' lang='lat' dir='ltr'><strong><em>q.</em></strong></span> <span class='ocrx_word' id='word_1_25' title='bbox 773 361 998 397; x_wconf 82' lang='lat' dir='ltr'><strong><em>coniunctum</em></strong></span> <span class='ocrx_word' id='word_1_26' title='bbox 1024 372 1099 396; x_wconf 78' lang='lat' dir='ltr'><strong><em>esse</em></strong></span> <span class='ocrx_word' id='word_1_27' title='bbox 1121 373 1203 397; x_wconf 87' lang='lat' dir='ltr'><strong><em>cum</em></strong></span> <span class='ocrx_word' id='word_1_28' title='bbox 1224 360 1345 407; x_wconf 81' lang='lat' dir='ltr'><strong><em>aliqua</em></strong></span> <span class='ocrx_word' id='word_1_29' title='bbox 1367 373 1419 407; x_wconf 86' lang='lat' dir='ltr'><strong><em>re,</em></strong></span> <span class='ocrx_word' id='word_1_30' title='bbox 1442 363 1483 400; x_wconf 88' lang='lat' dir='ltr'><strong>C.</strong></span> <span class='ocrx_word' id='word_1_31' title='bbox 1507 363 1564 410; x_wconf 91' lang='grc'><strong><em>21,</em></strong></span> <span class='ocrx_word' id='word_1_32' title='bbox 1580 366 1615 400; x_wconf 92' lang='grc'><strong>2.</strong></span> 
     </span>
    </p>

    <p class='ocr_par' dir='ltr' id='par_1_5' title="bbox 253 418 1020 465">
     <span class='ocr_line' id='line_1_5' title="bbox 253 418 1020 465; baseline -0.007 -7"><span class='ocrx_word' id='word_1_33' title='bbox 253 421 375 458; x_wconf 68' lang='lat' dir='ltr'><strong><em>&#39;Ferri</em></strong></span> <span class='ocrx_word' id='word_1_34' title='bbox 397 422 518 465; x_wconf 75' lang='lat' dir='ltr'><strong><em>aliqua</em></strong></span> <span class='ocrx_word' id='word_1_35' title='bbox 541 432 580 455; x_wconf 87' lang='lat' dir='ltr'><strong><em>re</em></strong></span> <span class='ocrx_word' id='word_1_36' title='bbox 602 421 628 455; x_wconf 87' lang='grc' dir='ltr'><strong><em>ἰ.</em></strong></span> <span class='ocrx_word' id='word_1_37' title='bbox 652 432 686 464; x_wconf 86' lang='lat' dir='ltr'><strong><em>q.</em></strong></span> <span class='ocrx_word' id='word_1_38' title='bbox 710 419 838 464; x_wconf 77' lang='lat' dir='ltr'>abripi,</span> <span class='ocrx_word' id='word_1_39' title='bbox 863 420 903 453; x_wconf 91' lang='lat' dir='ltr'><strong>C.</strong></span> <span class='ocrx_word' id='word_1_40' title='bbox 926 418 962 461; x_wconf 87' lang='lat'>3,</span> <span class='ocrx_word' id='word_1_41' title='bbox 986 420 1020 454; x_wconf 86' lang='grc'><strong><em>2.</em></strong></span> 
     </span>
    </p>

    <p class='ocr_par' dir='ltr' id='par_1_6' title="bbox 275 475 1067 523">
     <span class='ocr_line' id='line_1_6' title="bbox 275 475 1067 523; baseline -0.005 -8"><span class='ocrx_word' id='word_1_42' title='bbox 275 482 418 515; x_wconf 83' lang='lat' dir='ltr'><strong><em>Ferrum</em></strong></span> <span class='ocrx_word' id='word_1_43' title='bbox 441 490 511 512; x_wconf 86' lang='lat' dir='ltr'><strong><em>non</em></strong></span> <span class='ocrx_word' id='word_1_44' title='bbox 533 490 597 523; x_wconf 76' lang='lat' dir='ltr'><strong><em>pro</em></strong></span> <span class='ocrx_word' id='word_1_45' title='bbox 618 479 704 512; x_wconf 80' lang='lat' dir='ltr'><strong><em>bello</em></strong></span> <span class='ocrx_word' id='word_1_46' title='bbox 728 477 874 518; x_wconf 77' lang='lat' dir='ltr'><strong><em>dictum,</em></strong></span> <span class='ocrx_word' id='word_1_47' title='bbox 897 477 925 510; x_wconf 89' lang='grc' dir='ltr'><strong><em>Ι.</em></strong></span> <span class='ocrx_word' id='word_1_48' title='bbox 950 475 1007 518; x_wconf 89' lang='grc'><strong><em>14,</em></strong></span> <span class='ocrx_word' id='word_1_49' title='bbox 1031 475 1067 511; x_wconf 88' lang='grc'><strong><em>9.</em></strong></span> 
     </span>
    </p>

    <p class='ocr_par' dir='ltr' id='par_1_7' title="bbox 275 534 1361 580">
     <span class='ocr_line' id='line_1_7' title="bbox 275 534 1361 580; baseline -0.003 -8"><span class='ocrx_word' id='word_1_50' title='bbox 275 539 395 579; x_wconf 88' lang='lat' dir='ltr'><strong><em>Ferus,</em></strong></span> <span class='ocrx_word' id='word_1_51' title='bbox 422 535 482 580; x_wconf 81' lang='lat' dir='ltr'><strong><em>qui</em></strong></span> <span class='ocrx_word' id='word_1_52' title='bbox 505 537 551 571; x_wconf 79' lang='lat' dir='ltr'><strong><em>ab</em></strong></span> <span class='ocrx_word' id='word_1_53' title='bbox 575 535 803 570; x_wconf 75' lang='lat' dir='ltr'><strong><em>humanitatis</em></strong></span> <span class='ocrx_word' id='word_1_54' title='bbox 830 534 929 568; x_wconf 83' lang='lat' dir='ltr'><strong><em>cultu</em></strong></span> <span class='ocrx_word' id='word_1_55' title='bbox 954 535 1089 568; x_wconf 80' lang='lat' dir='ltr'><strong><em>alienus</em></strong></span> <span class='ocrx_word' id='word_1_56' title='bbox 1112 537 1176 579; x_wconf 80' lang='lat' dir='ltr'><strong><em>est,</em></strong></span> <span class='ocrx_word' id='word_1_57' title='bbox 1201 535 1229 568; x_wconf 86' lang='lat'><strong><em>1.</em></strong></span> <span class='ocrx_word' id='word_1_58' title='bbox 1252 534 1310 577; x_wconf 94' lang='grc'><strong><em>80,</em></strong></span> <span class='ocrx_word' id='word_1_59' title='bbox 1328 535 1361 570; x_wconf 92' lang='lat'><strong>1.</strong></span> 
     </span>
    </p>

    <p class='ocr_par' dir='ltr' id='par_1_8' title="bbox 276 590 1179 638">
     <span class='ocr_line' id='line_1_8' title="bbox 276 590 1179 638; baseline -0.002 -9"><span class='ocrx_word' id='word_1_60' title='bbox 276 596 398 629; x_wconf 77' lang='lat' dir='ltr'><strong><em>Fessus</em></strong></span> <span class='ocrx_word' id='word_1_61' title='bbox 420 597 456 629; x_wconf 78' lang='lat' dir='ltr'><strong><em>et</em></strong></span> <span class='ocrx_word' id='word_1_62' title='bbox 478 595 590 628; x_wconf 84' lang='lat' dir='ltr'><strong><em>lassus</em></strong></span> <span class='ocrx_word' id='word_1_63' title='bbox 615 594 790 638; x_wconf 83' lang='lat' dir='ltr'><strong><em>quomodo</em></strong></span> <span class='ocrx_word' id='word_1_64' title='bbox 812 591 991 635; x_wconf 80' lang='lat' dir='ltr'><strong><em>differant,</em></strong></span> <span class='ocrx_word' id='word_1_65' title='bbox 1018 592 1045 625; x_wconf 89' lang='lat'><strong><em>1.</em></strong></span> <span class='ocrx_word' id='word_1_66' title='bbox 1070 590 1128 636; x_wconf 82' lang='lat'><strong><em>53,</em></strong></span> <span class='ocrx_word' id='word_1_67' title='bbox 1145 593 1179 627; x_wconf 87' lang='lat'><strong>5.</strong></span> 
     </span>
    </p>

    <p class='ocr_par' dir='ltr' id='par_1_9' title="bbox 274 649 1419 695">
     <span class='ocr_line' id='line_1_9' title="bbox 274 649 1419 695; baseline -0.001 -9"><span class='ocrx_word' id='word_1_68' title='bbox 274 653 402 687; x_wconf 87' lang='lat' dir='ltr'><strong><em>Festae</em></strong></span> <span class='ocrx_word' id='word_1_69' title='bbox 423 662 478 686; x_wconf 87' lang='lat' dir='ltr'><strong><em>res</em></strong></span> <span class='ocrx_word' id='word_1_70' title='bbox 500 650 608 687; x_wconf 81' lang='lat' dir='ltr'><strong><em>etiam</em></strong></span> <span class='ocrx_word' id='word_1_71' title='bbox 630 651 673 685; x_wconf 89' lang='lat' dir='ltr'><strong><em>de</em></strong></span> <span class='ocrx_word' id='word_1_72' title='bbox 695 650 769 685; x_wconf 78' lang='lat' dir='ltr'><strong><em>otio</em></strong></span> <span class='ocrx_word' id='word_1_73' title='bbox 790 653 826 684; x_wconf 84' lang='lat' dir='ltr'><strong><em>et</em></strong></span> <span class='ocrx_word' id='word_1_74' title='bbox 849 649 1036 684; x_wconf 80' lang='lat' dir='ltr'><strong><em>securitate</em></strong></span> <span class='ocrx_word' id='word_1_75' title='bbox 1059 650 1230 695; x_wconf 80' lang='lat' dir='ltr'><strong><em>dicuntur,</em></strong></span> <span class='ocrx_word' id='word_1_76' title='bbox 1255 652 1282 685; x_wconf 88' lang='lat'><strong>1.</strong></span> <span class='ocrx_word' id='word_1_77' title='bbox 1303 650 1361 693; x_wconf 84' lang='grc'><strong><em>89,</em></strong></span> <span class='ocrx_word' id='word_1_78' title='bbox 1385 649 1419 685; x_wconf 83' lang='grc'><strong>5.</strong></span> 
     </span>
    </p>

    <p class='ocr_par' dir='ltr' id='par_1_10' title="bbox 274 705 924 755">
     <span class='ocr_line' id='line_1_10' title="bbox 274 705 924 755; baseline -0.002 -11"><span class='ocrx_word' id='word_1_79' title='bbox 274 711 456 745; x_wconf 86' lang='lat' dir='ltr'><strong><em>Festinare</em></strong></span> <span class='ocrx_word' id='word_1_80' title='bbox 479 709 634 755; x_wconf 84' lang='lat' dir='ltr'><strong><em>aliquam</em></strong></span> <span class='ocrx_word' id='word_1_81' title='bbox 655 720 738 754; x_wconf 80' lang='lat' dir='ltr'><strong><em>rem,</em></strong></span> <span class='ocrx_word' id='word_1_82' title='bbox 762 709 790 742; x_wconf 89' lang='grc' dir='ltr'><strong><em>Ι.</em></strong></span> <span class='ocrx_word' id='word_1_83' title='bbox 814 706 873 751; x_wconf 90' lang='grc'><strong><em>37,</em></strong></span> <span class='ocrx_word' id='word_1_84' title='bbox 887 705 924 743; x_wconf 87' lang='grc'><strong>4.</strong></span> 
     </span>
    </p>

    <p class='ocr_par' dir='ltr' id='par_1_11' title="bbox 274 764 1471 812">
     <span class='ocr_line' id='line_1_11' title="bbox 274 764 1471 812; baseline -0.001 -10"><span class='ocrx_word' id='word_1_85' title='bbox 274 768 458 802; x_wconf 83' lang='lat' dir='ltr'><strong><em>Festinare</em></strong></span> <span class='ocrx_word' id='word_1_86' title='bbox 479 767 638 802; x_wconf 75' lang='lat' dir='ltr'><strong><em>absolute</em></strong></span> <span class='ocrx_word' id='word_1_87' title='bbox 660 766 794 802; x_wconf 80' lang='lat' dir='ltr'><strong><em>dictum</em></strong></span> <span class='ocrx_word' id='word_1_88' title='bbox 816 766 841 802; x_wconf 83' lang='lat' dir='ltr'><strong><em>i.</em></strong></span> <span class='ocrx_word' id='word_1_89' title='bbox 864 777 898 809; x_wconf 88' lang='lat' dir='ltr'><strong><em>q.</em></strong></span> <span class='ocrx_word' id='word_1_90' title='bbox 924 776 1006 800; x_wconf 89' lang='lat' dir='ltr'><strong><em>cum</em></strong></span> <span class='ocrx_word' id='word_1_91' title='bbox 1028 765 1143 801; x_wconf 79' lang='lat' dir='ltr'><strong><em>studio</em></strong></span> <span class='ocrx_word' id='word_1_92' title='bbox 1165 776 1285 812; x_wconf 82' lang='lat' dir='ltr'><strong><em>agere,</em></strong></span> <span class='ocrx_word' id='word_1_93' title='bbox 1310 766 1337 800; x_wconf 90' lang='lat'><strong>1.</strong></span> <span class='ocrx_word' id='word_1_94' title='bbox 1360 764 1419 809; x_wconf 83' lang='lat'>66,</span> <span class='ocrx_word' id='word_1_95' title='bbox 1436 764 1471 801; x_wconf 93' lang='lat' dir='ltr'><strong><em>l.</em></strong></span> 
     </span>
    </p>

    <p class='ocr_par' dir='ltr' id='par_1_12' title="bbox 275 821 926 869">
     <span class='ocr_line' id='line_1_12' title="bbox 275 821 926 869; baseline -0.005 -10"><span class='ocrx_word' id='word_1_96' title='bbox 275 826 379 860; x_wconf 88' lang='lat' dir='ltr'><strong><em>Fides</em></strong></span> <span class='ocrx_word' id='word_1_97' title='bbox 398 825 539 869; x_wconf 78' lang='lat' dir='ltr'><strong><em>publica</em></strong></span> <span class='ocrx_word' id='word_1_98' title='bbox 563 823 646 869; x_wconf 81' lang='lat' dir='ltr'><strong><em>quid</em></strong></span> <span class='ocrx_word' id='word_1_99' title='bbox 662 823 719 866; x_wconf 79' lang='lat' dir='ltr'><strong><em>sit,</em></strong></span> <span class='ocrx_word' id='word_1_100' title='bbox 743 825 783 859; x_wconf 85' lang='lat' dir='ltr'><strong>C.</strong></span> <span class='ocrx_word' id='word_1_101' title='bbox 808 821 866 866; x_wconf 80' lang='grc'><strong><em>47,</em></strong></span> <span class='ocrx_word' id='word_1_102' title='bbox 892 823 926 857; x_wconf 88' lang='grc'><strong>1.</strong></span> 
     </span>
    </p>

    <p class='ocr_par' dir='ltr' id='par_1_13' title="bbox 239 879 997 926">
     <span class='ocr_line' id='line_1_13' title="bbox 239 879 997 926; baseline -0.005 -8"><span class='ocrx_word' id='word_1_103' title='bbox 239 891 241 893; x_wconf 80' lang='grc'>’</span> <span class='ocrx_word' id='word_1_104' title='bbox 274 884 380 918; x_wconf 82' lang='lat' dir='ltr'><strong><em>Fides</em></strong></span> <span class='ocrx_word' id='word_1_105' title='bbox 402 887 439 916; x_wconf 82' lang='lat' dir='ltr'><strong><em>et</em></strong></span> <span class='ocrx_word' id='word_1_106' title='bbox 461 894 516 917; x_wconf 83' lang='lat' dir='ltr'><strong><em>res</em></strong></span> <span class='ocrx_word' id='word_1_107' title='bbox 539 881 607 917; x_wconf 74' lang='lat' dir='ltr'><strong><em>sibi</em></strong></span> <span class='ocrx_word' id='word_1_108' title='bbox 633 883 805 926; x_wconf 79' lang='lat' dir='ltr'><strong><em>opposita,</em></strong></span> <span class='ocrx_word' id='word_1_109' title='bbox 829 882 857 915; x_wconf 83' lang='grc' dir='ltr'><strong><em>Ι.</em></strong></span> <span class='ocrx_word' id='word_1_110' title='bbox 879 879 939 922; x_wconf 91' lang='grc'><strong><em>73,</em></strong></span> <span class='ocrx_word' id='word_1_111' title='bbox 962 879 997 915; x_wconf 88' lang='grc'><strong><em>6.</em></strong></span> 
     </span>
    </p>

    <p class='ocr_par' dir='ltr' id='par_1_14' title="bbox 275 937 1285 984">
     <span class='ocr_line' id='line_1_14' title="bbox 275 937 1285 984; baseline -0.002 -9"><span class='ocrx_word' id='word_1_112' title='bbox 275 941 397 975; x_wconf 80' lang='lat' dir='ltr'><strong><em>Fidem</em></strong></span> <span class='ocrx_word' id='word_1_113' title='bbox 421 940 507 974; x_wconf 84' lang='lat' dir='ltr'><strong><em>dare</em></strong></span> <span class='ocrx_word' id='word_1_114' title='bbox 528 944 564 975; x_wconf 88' lang='lat' dir='ltr'><strong><em>et</em></strong></span> <span class='ocrx_word' id='word_1_115' title='bbox 588 940 745 984; x_wconf 84' lang='lat' dir='ltr'><strong><em>accipere</em></strong></span> <span class='ocrx_word' id='word_1_116' title='bbox 768 940 861 973; x_wconf 90' lang='lat' dir='ltr'><strong><em>unde</em></strong></span> <span class='ocrx_word' id='word_1_117' title='bbox 882 938 1014 973; x_wconf 80' lang='lat' dir='ltr'><strong><em>dictum</em></strong></span> <span class='ocrx_word' id='word_1_118' title='bbox 1037 937 1092 980; x_wconf 82' lang='lat' dir='ltr'><strong><em>sit,</em></strong></span> <span class='ocrx_word' id='word_1_119' title='bbox 1117 938 1145 972; x_wconf 85' lang='lat'><strong><em>1.</em></strong></span> <span class='ocrx_word' id='word_1_120' title='bbox 1170 938 1227 981; x_wconf 90' lang='lat'>81,</span> <span class='ocrx_word' id='word_1_121' title='bbox 1251 939 1285 974; x_wconf 93' lang='lat' dir='ltr'><strong><em>l.</em></strong></span> 
     </span>
    </p>

    <p class='ocr_par' dir='ltr' id='par_1_15' title="bbox 274 995 1342 1043">
     <span class='ocr_line' id='line_1_15' title="bbox 274 995 1342 1043; baseline -0.001 -11"><span class='ocrx_word' id='word_1_122' title='bbox 274 999 369 1033; x_wconf 82' lang='lat' dir='ltr'><strong><em>Fieri</em></strong></span> <span class='ocrx_word' id='word_1_123' title='bbox 391 998 621 1043; x_wconf 75' lang='lat' dir='ltr'><strong><em>magistratus</em></strong></span> <span class='ocrx_word' id='word_1_124' title='bbox 644 998 804 1032; x_wconf 79' lang='lat' dir='ltr'><strong><em>dicuntur</em></strong></span> <span class='ocrx_word' id='word_1_125' title='bbox 826 995 888 1040; x_wconf 84' lang='lat' dir='ltr'><strong><em>qui</em></strong></span> <span class='ocrx_word' id='word_1_126' title='bbox 910 996 1148 1042; x_wconf 75' lang='lat' dir='ltr'><strong><em>designantur,</em></strong></span> <span class='ocrx_word' id='word_1_127' title='bbox 1171 997 1199 1030; x_wconf 88' lang='lat'><strong>1.</strong></span> <span class='ocrx_word' id='word_1_128' title='bbox 1227 996 1285 1039; x_wconf 97' lang='lat'>82,</span> <span class='ocrx_word' id='word_1_129' title='bbox 1307 995 1342 1034; x_wconf 78' lang='grc'><strong><em>2.</em></strong></span> 
     </span>
    </p>

    <p class='ocr_par' dir='ltr' id='par_1_16' title="bbox 274 1053 1016 1098">
     <span class='ocr_line' id='line_1_16' title="bbox 274 1053 1016 1098; baseline -0.004 -7"><span class='ocrx_word' id='word_1_130' title='bbox 274 1057 391 1091; x_wconf 78' lang='lat' dir='ltr'><strong><em>Fieret</em></strong></span> <span class='ocrx_word' id='word_1_131' title='bbox 414 1055 598 1089; x_wconf 72' lang='lat' dir='ltr'><strong><em>confusum</em></strong></span> <span class='ocrx_word' id='word_1_132' title='bbox 622 1065 704 1088; x_wconf 91' lang='lat' dir='ltr'><strong><em>cum</em></strong></span> <span class='ocrx_word' id='word_1_133' title='bbox 719 1056 830 1097; x_wconf 82' lang='lat' dir='ltr'><strong><em>foret,</em></strong></span> <span class='ocrx_word' id='word_1_134' title='bbox 854 1055 880 1089; x_wconf 89' lang='lat'><strong>1.</strong></span> <span class='ocrx_word' id='word_1_135' title='bbox 904 1053 963 1098; x_wconf 85' lang='grc'><strong><em>83,</em></strong></span> <span class='ocrx_word' id='word_1_136' title='bbox 979 1054 1016 1088; x_wconf 96' lang='grc'><strong><em>2.</em></strong></span> 
     </span>
    </p>

    <p class='ocr_par' dir='ltr' id='par_1_17' title="bbox 274 1110 1060 1157">
     <span class='ocr_line' id='line_1_17' title="bbox 274 1110 1060 1157; baseline -0.001 -11"><span class='ocrx_word' id='word_1_137' title='bbox 274 1113 334 1147; x_wconf 84' lang='lat' dir='ltr'><strong><em>Fit</em></strong></span> <span class='ocrx_word' id='word_1_138' title='bbox 357 1111 490 1156; x_wconf 78' lang='lat' dir='ltr'><strong><em>aliquid</em></strong></span> <span class='ocrx_word' id='word_1_139' title='bbox 516 1112 621 1147; x_wconf 82' lang='lat' dir='ltr'><strong><em>alicui</em></strong></span> <span class='ocrx_word' id='word_1_140' title='bbox 644 1115 680 1147; x_wconf 83' lang='lat' dir='ltr'><strong><em>et</em></strong></span> <span class='ocrx_word' id='word_1_141' title='bbox 702 1113 832 1157; x_wconf 86' lang='lat' dir='ltr'><strong><em>aliquo,</em></strong></span> <span class='ocrx_word' id='word_1_142' title='bbox 857 1112 897 1147; x_wconf 87' lang='lat' dir='ltr'><strong>C.</strong></span> <span class='ocrx_word' id='word_1_143' title='bbox 921 1110 979 1154; x_wconf 83' lang='lat'>52,</span> <span class='ocrx_word' id='word_1_144' title='bbox 1002 1110 1060 1145; x_wconf 87' lang='grc'><strong>25.</strong></span> 
     </span>
    </p>

    <p class='ocr_par' dir='ltr' id='par_1_18' title="bbox 273 1167 1659 1268">
     <span class='ocr_line' id='line_1_18' title="bbox 273 1167 1659 1213; baseline -0.001 -9"><span class='ocrx_word' id='word_1_145' title='bbox 273 1170 335 1204; x_wconf 88' lang='lat' dir='ltr'><strong><em>Fit</em></strong></span> <span class='ocrx_word' id='word_1_146' title='bbox 359 1174 398 1204; x_wconf 87' lang='lat' dir='ltr'><strong><em>ut</em></strong></span> <span class='ocrx_word' id='word_1_147' title='bbox 431 1169 576 1204; x_wconf 82' lang='lat' dir='ltr'><strong><em>inservit</em></strong></span> <span class='ocrx_word' id='word_1_148' title='bbox 604 1168 919 1205; x_wconf 80' lang='lat' dir='ltr'><strong><em>circumscribendo</em></strong></span> <span class='ocrx_word' id='word_1_149' title='bbox 949 1169 984 1204; x_wconf 83' lang='lat' dir='ltr'><strong><em>ei</em></strong></span> <span class='ocrx_word' id='word_1_150' title='bbox 1014 1168 1145 1211; x_wconf 83' lang='lat' dir='ltr'><strong><em>verbo,</em></strong></span> <span class='ocrx_word' id='word_1_151' title='bbox 1179 1168 1273 1212; x_wconf 81' lang='lat' dir='ltr'><strong><em>quod</em></strong></span> <span class='ocrx_word' id='word_1_152' title='bbox 1302 1179 1344 1203; x_wconf 86' lang='lat' dir='ltr'><strong><em>cx</em></strong></span> <span class='ocrx_word' id='word_1_153' title='bbox 1374 1173 1414 1204; x_wconf 88' lang='lat' dir='ltr'><strong><em>ut</em></strong></span> <span class='ocrx_word' id='word_1_154' title='bbox 1444 1167 1587 1213; x_wconf 76' lang='lat' dir='ltr'><strong><em>pendet,</em></strong></span> <span class='ocrx_word' id='word_1_155' title='bbox 1620 1168 1659 1203; x_wconf 81' lang='lat' dir='ltr'><strong>G.</strong></span> 
     </span>
     <span class='ocr_line' id='line_1_19' title="bbox 365 1225 507 1268; baseline -0.007 -8"><span class='ocrx_word' id='word_1_156' title='bbox 365 1225 424 1268; x_wconf 81' lang='lat'>52,</span> <span class='ocrx_word' id='word_1_157' title='bbox 448 1225 507 1260; x_wconf 86' lang='grc'><strong><em>22.</em></strong></span> 
     </span>
    </p>

    <p class='ocr_par' dir='ltr' id='par_1_19' title="bbox 274 1281 1065 1327">
     <span class='ocr_line' id='line_1_20' title="bbox 274 1281 1065 1327; baseline -0.001 -9"><span class='ocrx_word' id='word_1_158' title='bbox 274 1283 412 1318; x_wconf 79' lang='lat' dir='ltr'><strong><em>Firmus</em></strong></span> <span class='ocrx_word' id='word_1_159' title='bbox 434 1282 459 1317; x_wconf 79' lang='lat' dir='ltr'><strong><em>i.</em></strong></span> <span class='ocrx_word' id='word_1_160' title='bbox 482 1294 517 1327; x_wconf 85' lang='lat' dir='ltr'><strong><em>q.</em></strong></span> <span class='ocrx_word' id='word_1_161' title='bbox 539 1281 742 1326; x_wconf 76' lang='lat' dir='ltr'><strong><em>intrepidus,</em></strong></span> <span class='ocrx_word' id='word_1_162' title='bbox 763 1283 878 1326; x_wconf 78' lang='lat' dir='ltr'><strong><em>fortis,</em></strong></span> <span class='ocrx_word' id='word_1_163' title='bbox 902 1283 932 1318; x_wconf 91' lang='grc' dir='ltr'><strong><em>Ι.</em></strong></span> <span class='ocrx_word' id='word_1_164' title='bbox 955 1282 1013 1326; x_wconf 87' lang='grc'><strong><em>28,</em></strong></span> <span class='ocrx_word' id='word_1_165' title='bbox 1029 1283 1065 1317; x_wconf 87' lang='grc'><strong>5.</strong></span> 
     </span>
    </p>

    <p class='ocr_par' dir='ltr' id='par_1_20' title="bbox 274 1339 888 1384">
     <span class='ocr_line' id='line_1_21' title="bbox 274 1339 888 1384; baseline 0 -8"><span class='ocrx_word' id='word_1_166' title='bbox 274 1342 420 1376; x_wconf 71' lang='lat' dir='ltr'><strong><em>Flaccus</em></strong></span> <span class='ocrx_word' id='word_1_167' title='bbox 443 1341 505 1384; x_wconf 80' lang='lat' dir='ltr'><strong><em>(L.</em></strong></span> <span class='ocrx_word' id='word_1_168' title='bbox 534 1340 682 1384; x_wconf 67' lang='lat' dir='ltr'><strong><em>Valcr),</em></strong></span> <span class='ocrx_word' id='word_1_169' title='bbox 705 1341 745 1375; x_wconf 85' lang='lat' dir='ltr'><strong>C.</strong></span> <span class='ocrx_word' id='word_1_170' title='bbox 769 1339 888 1383; x_wconf 10' lang='grc'><strong>45,,1.</strong></span> 
     </span>
    </p>

    <p class='ocr_par' dir='ltr' id='par_1_21' title="bbox 274 1394 1143 1444">
     <span class='ocr_line' id='line_1_22' title="bbox 274 1394 1143 1444; baseline -0.003 -11"><span class='ocrx_word' id='word_1_171' title='bbox 274 1398 472 1444; x_wconf 83' lang='lat' dir='ltr'><strong><em>Flagitium</em></strong></span> <span class='ocrx_word' id='word_1_172' title='bbox 494 1396 520 1431; x_wconf 79' lang='lat' dir='ltr'><strong>i.</strong></span> <span class='ocrx_word' id='word_1_173' title='bbox 543 1407 577 1440; x_wconf 82' lang='lat' dir='ltr'><strong><em>q.</em></strong></span> <span class='ocrx_word' id='word_1_174' title='bbox 600 1396 711 1431; x_wconf 84' lang='lat' dir='ltr'><strong><em>homo</em></strong></span> <span class='ocrx_word' id='word_1_175' title='bbox 733 1396 944 1442; x_wconf 77' lang='lat' dir='ltr'><strong><em>flagitiosus,</em></strong></span> <span class='ocrx_word' id='word_1_176' title='bbox 968 1395 1008 1430; x_wconf 85' lang='lat' dir='ltr'><strong>C.</strong></span> <span class='ocrx_word' id='word_1_177' title='bbox 1028 1394 1086 1437; x_wconf 84' lang='lat'>14,</span> <span class='ocrx_word' id='word_1_178' title='bbox 1110 1395 1143 1431; x_wconf 91' lang='lat'><strong>1.</strong></span> 
     </span>
    </p>

    <p class='ocr_par' dir='ltr' id='par_1_22' title="bbox 274 1451 1277 1500">
     <span class='ocr_line' id='line_1_23' title="bbox 274 1451 1277 1500; baseline -0.001 -11"><span class='ocrx_word' id='word_1_179' title='bbox 274 1453 473 1500; x_wconf 77' lang='lat' dir='ltr'><strong><em>Flagitium</em></strong></span> <span class='ocrx_word' id='word_1_180' title='bbox 495 1452 678 1496; x_wconf 64' lang='lat' dir='ltr'><strong><em>quomodo,</em></strong></span> <span class='ocrx_word' id='word_1_181' title='bbox 694 1451 836 1499; x_wconf 70' lang='lat' dir='ltr'><strong><em>differat</em></strong></span> <span class='ocrx_word' id='word_1_182' title='bbox 859 1464 882 1489; x_wconf 82' lang='lat' dir='ltr'><strong><em>a</em></strong></span> <span class='ocrx_word' id='word_1_183' title='bbox 897 1454 1073 1498; x_wconf 72' lang='lat' dir='ltr'><strong><em>facinore,</em></strong></span> <span class='ocrx_word' id='word_1_184' title='bbox 1097 1452 1137 1487; x_wconf 87' lang='lat' dir='ltr'><strong>G.</strong></span> <span class='ocrx_word' id='word_1_185' title='bbox 1162 1451 1220 1498; x_wconf 83' lang='lat'>14,</span> <span class='ocrx_word' id='word_1_186' title='bbox 1243 1453 1277 1488; x_wconf 88' lang='lat'><strong>1.</strong></span> 
     </span>
    </p>

    <p class='ocr_par' dir='ltr' id='par_1_23' title="bbox 275 1509 790 1556">
     <span class='ocr_line' id='line_1_24' title="bbox 275 1509 790 1556; baseline -0.002 -9"><span class='ocrx_word' id='word_1_187' title='bbox 275 1511 469 1547; x_wconf 73' lang='lat' dir='ltr'><strong><em>Flaminius</em></strong></span> <span class='ocrx_word' id='word_1_188' title='bbox 493 1510 585 1556; x_wconf 79' lang='grc'><strong>(0.),</strong></span> <span class='ocrx_word' id='word_1_189' title='bbox 609 1509 650 1544; x_wconf 86' lang='lat' dir='ltr'><strong>C.</strong></span> <span class='ocrx_word' id='word_1_190' title='bbox 673 1509 734 1554; x_wconf 87' lang='grc'><strong><em>36,</em></strong></span> <span class='ocrx_word' id='word_1_191' title='bbox 755 1510 790 1546; x_wconf 93' lang='grc'><strong>1.</strong></span> 
     </span>
    </p>

    <p class='ocr_par' dir='ltr' id='par_1_24' title="bbox 274 1567 731 1614">
     <span class='ocr_line' id='line_1_25' title="bbox 274 1567 731 1614; baseline 0 -10"><span class='ocrx_word' id='word_1_192' title='bbox 274 1571 390 1604; x_wconf 71' lang='lat' dir='ltr'><strong><em>Fluxa</em></strong></span> <span class='ocrx_word' id='word_1_193' title='bbox 403 1569 511 1614; x_wconf 86' lang='lat' dir='ltr'><strong><em>fides,</em></strong></span> <span class='ocrx_word' id='word_1_194' title='bbox 539 1569 566 1603; x_wconf 85' lang='grc' dir='ltr'><strong><em>Ι.</em></strong></span> <span class='ocrx_word' id='word_1_195' title='bbox 591 1567 673 1610; x_wconf 94' lang='grc'><strong>111,</strong></span> <span class='ocrx_word' id='word_1_196' title='bbox 695 1567 731 1604; x_wconf 89' lang='grc'><strong><em>2.</em></strong></span> 
     </span>
    </p>

    <p class='ocr_par' dir='ltr' id='par_1_25' title="bbox 274 1624 1443 1671">
     <span class='ocr_line' id='line_1_26' title="bbox 274 1624 1443 1671; baseline 0 -9"><span class='ocrx_word' id='word_1_197' title='bbox 274 1627 361 1662; x_wconf 85' lang='lat' dir='ltr'><strong><em>Foci</em></strong></span> <span class='ocrx_word' id='word_1_198' title='bbox 384 1637 464 1660; x_wconf 89' lang='lat' dir='ltr'><strong><em>cum</em></strong></span> <span class='ocrx_word' id='word_1_199' title='bbox 488 1626 560 1661; x_wconf 85' lang='lat' dir='ltr'><strong><em>aris</em></strong></span> <span class='ocrx_word' id='word_1_200' title='bbox 583 1625 688 1660; x_wconf 79' lang='lat' dir='ltr'><strong><em>simul</em></strong></span> <span class='ocrx_word' id='word_1_201' title='bbox 711 1625 898 1662; x_wconf 74' lang='lat' dir='ltr'><strong><em>memorati</em></strong></span> <span class='ocrx_word' id='word_1_202' title='bbox 919 1624 1004 1670; x_wconf 78' lang='lat' dir='ltr'><strong><em>qnid</em></strong></span> <span class='ocrx_word' id='word_1_203' title='bbox 1026 1625 1236 1671; x_wconf 76' lang='lat' dir='ltr'><strong><em>significent,</em></strong></span> <span class='ocrx_word' id='word_1_204' title='bbox 1261 1626 1301 1662; x_wconf 85' lang='lat' dir='ltr'><strong>C.</strong></span> <span class='ocrx_word' id='word_1_205' title='bbox 1323 1625 1382 1671; x_wconf 79' lang='lat'>52,</span> <span class='ocrx_word' id='word_1_206' title='bbox 1405 1626 1443 1662; x_wconf 90' lang='grc'><strong>3.</strong></span> 
     </span>
    </p>

    <p class='ocr_par' dir='ltr' id='par_1_26' title="bbox 274 1681 755 1727">
     <span class='ocr_line' id='line_1_27' title="bbox 274 1681 755 1727; baseline -0.002 -8"><span class='ocrx_word' id='word_1_207' title='bbox 274 1685 410 1719; x_wconf 85' lang='lat' dir='ltr'><strong><em>Foedus</em></strong></span> <span class='ocrx_word' id='word_1_208' title='bbox 425 1684 562 1727; x_wconf 84' lang='lat' dir='ltr'><strong><em>faeere,</em></strong></span> <span class='ocrx_word' id='word_1_209' title='bbox 585 1682 614 1716; x_wconf 88' lang='grc' dir='ltr'><strong><em>Ι.</em></strong></span> <span class='ocrx_word' id='word_1_210' title='bbox 637 1681 696 1726; x_wconf 88' lang='grc'><strong><em>38,</em></strong></span> <span class='ocrx_word' id='word_1_211' title='bbox 719 1682 755 1718; x_wconf 87' lang='grc'><strong>9.</strong></span> 
     </span>
    </p>

    <p class='ocr_par' dir='ltr' id='par_1_27' title="bbox 275 1740 1486 1786">
     <span class='ocr_line' id='line_1_28' title="bbox 275 1740 1486 1786; baseline 0.002 -10"><span class='ocrx_word' id='word_1_212' title='bbox 275 1742 412 1776; x_wconf 84' lang='lat' dir='ltr'><strong><em>Foedus</em></strong></span> <span class='ocrx_word' id='word_1_213' title='bbox 433 1746 468 1776; x_wconf 86' lang='lat' dir='ltr'><strong><em>et</em></strong></span> <span class='ocrx_word' id='word_1_214' title='bbox 492 1740 648 1775; x_wconf 77' lang='lat' dir='ltr'><strong><em>amicitia</em></strong></span> <span class='ocrx_word' id='word_1_215' title='bbox 673 1750 742 1784; x_wconf 87' lang='lat' dir='ltr'><strong><em>quo</em></strong></span> <span class='ocrx_word' id='word_1_216' title='bbox 765 1751 869 1776; x_wconf 80' lang='lat' dir='ltr'><strong><em>sensu</em></strong></span> <span class='ocrx_word' id='word_1_217' title='bbox 891 1740 1103 1776; x_wconf 77' lang='lat' dir='ltr'><strong><em>coniunctim</em></strong></span> <span class='ocrx_word' id='word_1_218' title='bbox 1126 1741 1294 1784; x_wconf 78' lang='lat' dir='ltr'><strong><em>dicantur,</em></strong></span> <span class='ocrx_word' id='word_1_219' title='bbox 1320 1743 1346 1778; x_wconf 88' lang='grc'><strong>1.</strong></span> <span class='ocrx_word' id='word_1_220' title='bbox 1370 1743 1428 1786; x_wconf 88' lang='grc'><strong><em>80,</em></strong></span> <span class='ocrx_word' id='word_1_221' title='bbox 1451 1743 1486 1778; x_wconf 88' lang='grc'><strong><em>4.</em></strong></span> 
     </span>
    </p>

    <p class='ocr_par' dir='ltr' id='par_1_28' title="bbox 275 1797 1662 1899">
     <span class='ocr_line' id='line_1_29' title="bbox 275 1797 1662 1846; baseline 0.002 -13"><span class='ocrx_word' id='word_1_222' title='bbox 275 1799 365 1833; x_wconf 87' lang='lat' dir='ltr'><strong><em>Fore</em></strong></span> <span class='ocrx_word' id='word_1_223' title='bbox 386 1809 468 1832; x_wconf 87' lang='lat' dir='ltr'><strong><em>cum</em></strong></span> <span class='ocrx_word' id='word_1_224' title='bbox 489 1797 677 1843; x_wconf 78' lang='lat' dir='ltr'><strong><em>participio</em></strong></span> <span class='ocrx_word' id='word_1_225' title='bbox 699 1799 786 1843; x_wconf 77' lang='lat' dir='ltr'><strong><em>perf.</em></strong></span> <span class='ocrx_word' id='word_1_226' title='bbox 810 1798 943 1844; x_wconf 75' lang='lat' dir='ltr'><strong><em>passivi</em></strong></span> <span class='ocrx_word' id='word_1_227' title='bbox 971 1810 1041 1834; x_wconf 85' lang='lat' dir='ltr'><strong><em>non</em></strong></span> <span class='ocrx_word' id='word_1_228' title='bbox 1073 1802 1127 1834; x_wconf 83' lang='lat' dir='ltr'><strong><em>est</em></strong></span> <span class='ocrx_word' id='word_1_229' title='bbox 1154 1811 1219 1844; x_wconf 77' lang='lat' dir='ltr'><strong><em>pro</em></strong></span> <span class='ocrx_word' id='word_1_230' title='bbox 1250 1800 1426 1836; x_wconf 77' lang='lat' dir='ltr'><strong><em>infinitivo</em></strong></span> <span class='ocrx_word' id='word_1_231' title='bbox 1447 1800 1557 1836; x_wconf 78' lang='lat' dir='ltr'><strong><em>futuri</em></strong></span> <span class='ocrx_word' id='word_1_232' title='bbox 1579 1812 1662 1846; x_wconf 77' lang='lat' dir='ltr'><strong><em>pas—</em></strong></span> 
     </span>
     <span class='ocr_line' id='line_1_30' title="bbox 369 1854 639 1899; baseline -0.007 -8"><span class='ocrx_word' id='word_1_233' title='bbox 369 1855 450 1899; x_wconf 79' lang='lat' dir='ltr'><strong><em>sivi,</em></strong></span> <span class='ocrx_word' id='word_1_234' title='bbox 476 1855 505 1890; x_wconf 84' lang='grc' dir='ltr'><strong><em>Ι.</em></strong></span> <span class='ocrx_word' id='word_1_235' title='bbox 529 1854 588 1899; x_wconf 88' lang='grc'><strong><em>88,</em></strong></span> <span class='ocrx_word' id='word_1_236' title='bbox 603 1854 639 1890; x_wconf 90' lang='grc'><strong>4.</strong></span> 
     </span>
    </p>

    <p class='ocr_par' dir='ltr' id='par_1_29' title="bbox 275 1913 1290 1960">
     <span class='ocr_line' id='line_1_31' title="bbox 275 1913 1290 1960; baseline 0 -10"><span class='ocrx_word' id='word_1_237' title='bbox 275 1914 376 1950; x_wconf 86' lang='lat' dir='ltr'><strong><em>Foris</em></strong></span> <span class='ocrx_word' id='word_1_238' title='bbox 399 1916 434 1949; x_wconf 86' lang='lat' dir='ltr'><strong><em>et</em></strong></span> <span class='ocrx_word' id='word_1_239' title='bbox 457 1913 552 1949; x_wconf 82' lang='lat' dir='ltr'><strong><em>domi</em></strong></span> <span class='ocrx_word' id='word_1_240' title='bbox 574 1913 749 1956; x_wconf 88' lang='lat' dir='ltr'><strong><em>quomodo</em></strong></span> <span class='ocrx_word' id='word_1_241' title='bbox 770 1914 839 1950; x_wconf 74' lang='lat' dir='ltr'><strong><em>sibi</em></strong></span> <span class='ocrx_word' id='word_1_242' title='bbox 861 1917 1100 1960; x_wconf 78' lang='lat' dir='ltr'><strong><em>opponantur,</em></strong></span> <span class='ocrx_word' id='word_1_243' title='bbox 1122 1914 1151 1950; x_wconf 85' lang='lat'><strong>1.</strong></span> <span class='ocrx_word' id='word_1_244' title='bbox 1174 1914 1233 1958; x_wconf 86' lang='lat'>85,</span> <span class='ocrx_word' id='word_1_245' title='bbox 1255 1915 1290 1951; x_wconf 78' lang='lat'><strong>3.</strong></span> 
     </span>
    </p>

    <p class='ocr_par' dir='ltr' id='par_1_30' title="bbox 275 1970 1006 2016">
     <span class='ocr_line' id='line_1_32' title="bbox 275 1970 1006 2016; baseline 0 -8"><span class='ocrx_word' id='word_1_246' title='bbox 275 1973 440 2008; x_wconf 78' lang='lat' dir='ltr'><strong><em>Formido</em></strong></span> <span class='ocrx_word' id='word_1_247' title='bbox 462 1970 559 2006; x_wconf 75' lang='lat' dir='ltr'><strong><em>vocis</em></strong></span> <span class='ocrx_word' id='word_1_248' title='bbox 583 1970 636 2005; x_wconf 82' lang='lat' dir='ltr'><strong><em>vis</em></strong></span> <span class='ocrx_word' id='word_1_249' title='bbox 657 1973 813 2016; x_wconf 82' lang='lat' dir='ltr'><strong><em>propria,</em></strong></span> <span class='ocrx_word' id='word_1_250' title='bbox 836 1975 864 2009; x_wconf 90' lang='grc' dir='ltr'><strong><em>Ι.</em></strong></span> <span class='ocrx_word' id='word_1_251' title='bbox 888 1972 948 2016; x_wconf 88' lang='grc'><strong><em>72,</em></strong></span> <span class='ocrx_word' id='word_1_252' title='bbox 971 1974 1006 2008; x_wconf 88' lang='grc'><strong>2.</strong></span> 
     </span>
    </p>

    <p class='ocr_par' dir='ltr' id='par_1_31' title="bbox 275 2028 1204 2074">
     <span class='ocr_line' id='line_1_33' title="bbox 275 2028 1204 2074; baseline -0.002 -8"><span class='ocrx_word' id='word_1_253' title='bbox 275 2030 440 2066; x_wconf 84' lang='lat' dir='ltr'><strong><em>Formido</em></strong></span> <span class='ocrx_word' id='word_1_254' title='bbox 462 2028 657 2064; x_wconf 75' lang='lat' dir='ltr'><strong><em>subiectiva</em></strong></span> <span class='ocrx_word' id='word_1_255' title='bbox 677 2033 845 2073; x_wconf 77' lang='lat' dir='ltr'><strong><em>potestate</em></strong></span> <span class='ocrx_word' id='word_1_256' title='bbox 868 2032 1012 2074; x_wconf 83' lang='lat' dir='ltr'><strong><em>dictum,</em></strong></span> <span class='ocrx_word' id='word_1_257' title='bbox 1033 2031 1062 2066; x_wconf 88' lang='lat'><strong>1.</strong></span> <span class='ocrx_word' id='word_1_258' title='bbox 1084 2029 1145 2073; x_wconf 87' lang='grc'><strong><em>99,</em></strong></span> <span class='ocrx_word' id='word_1_259' title='bbox 1167 2029 1204 2065; x_wconf 85' lang='grc'><strong>3.</strong></span> 
     </span>
    </p>

    <p class='ocr_par' dir='ltr' id='par_1_32' title="bbox 275 2086 1078 2132">
     <span class='ocr_line' id='line_1_34' title="bbox 275 2086 1078 2132; baseline 0.001 -9"><span class='ocrx_word' id='word_1_260' title='bbox 275 2087 441 2123; x_wconf 83' lang='lat' dir='ltr'><strong><em>Formido</em></strong></span> <span class='ocrx_word' id='word_1_261' title='bbox 463 2086 487 2120; x_wconf 86' lang='lat' dir='ltr'><strong><em>i.</em></strong></span> <span class='ocrx_word' id='word_1_262' title='bbox 511 2098 546 2130; x_wconf 85' lang='lat' dir='ltr'><strong><em>q.</em></strong></span> <span class='ocrx_word' id='word_1_263' title='bbox 568 2097 624 2122; x_wconf 74' lang='lat' dir='ltr'><strong><em>res</em></strong></span> <span class='ocrx_word' id='word_1_264' title='bbox 646 2087 889 2131; x_wconf 78' lang='lat' dir='ltr'><strong><em>formidolosa,</em></strong></span> <span class='ocrx_word' id='word_1_265' title='bbox 910 2090 938 2124; x_wconf 86' lang='lat'><strong>1.</strong></span> <span class='ocrx_word' id='word_1_266' title='bbox 961 2089 1023 2132; x_wconf 85' lang='grc'><strong><em>23,</em></strong></span> <span class='ocrx_word' id='word_1_267' title='bbox 1042 2089 1078 2124; x_wconf 88' lang='grc'><strong>1.</strong></span> 
     </span>
    </p>

    <p class='ocr_par' dir='ltr' id='par_1_33' title="bbox 276 2144 1135 2191">
     <span class='ocr_line' id='line_1_35' title="bbox 276 2144 1135 2191; baseline -0.001 -11"><span class='ocrx_word' id='word_1_268' title='bbox 276 2144 535 2180; x_wconf 84' lang='lat' dir='ltr'><strong><em>Formidolosus</em></strong></span> <span class='ocrx_word' id='word_1_269' title='bbox 555 2144 675 2179; x_wconf 78' lang='lat' dir='ltr'><strong><em>activa</em></strong></span> <span class='ocrx_word' id='word_1_270' title='bbox 696 2149 731 2180; x_wconf 85' lang='lat' dir='ltr'><strong><em>et</em></strong></span> <span class='ocrx_word' id='word_1_271' title='bbox 753 2145 892 2190; x_wconf 77' lang='lat' dir='ltr'><strong><em>passiva</em></strong></span> <span class='ocrx_word' id='word_1_272' title='bbox 913 2146 960 2189; x_wconf 81' lang='lat' dir='ltr'><strong><em>vi,</em></strong></span> <span class='ocrx_word' id='word_1_273' title='bbox 985 2147 1025 2182; x_wconf 83' lang='lat' dir='ltr'><strong>C.</strong></span> <span class='ocrx_word' id='word_1_274' title='bbox 1048 2145 1084 2191; x_wconf 89' lang='grc'><strong><em>7,</em></strong></span> <span class='ocrx_word' id='word_1_275' title='bbox 1099 2144 1135 2180; x_wconf 88' lang='grc'><strong>6.</strong></span> 
     </span>
    </p>

    <p class='ocr_par' dir='ltr' id='par_1_34' title="bbox 277 2201 1253 2248">
     <span class='ocr_line' id='line_1_36' title="bbox 277 2201 1253 2248; baseline 0.002 -12"><span class='ocrx_word' id='word_1_276' title='bbox 277 2202 443 2236; x_wconf 84' lang='lat' dir='ltr'><strong><em>Formula</em></strong></span> <span class='ocrx_word' id='word_1_277' title='bbox 466 2202 615 2236; x_wconf 79' lang='lat' dir='ltr'><strong><em>solennis</em></strong></span> <span class='ocrx_word' id='word_1_278' title='bbox 635 2203 772 2247; x_wconf 78' lang='lat' dir='ltr'><strong><em>quando</em></strong></span> <span class='ocrx_word' id='word_1_279' title='bbox 793 2203 924 2238; x_wconf 80' lang='lat' dir='ltr'><strong><em>mutari</em></strong></span> <span class='ocrx_word' id='word_1_280' title='bbox 945 2203 1067 2248; x_wconf 76' lang='lat' dir='ltr'><strong><em>possit,</em></strong></span> <span class='ocrx_word' id='word_1_281' title='bbox 1091 2205 1120 2238; x_wconf 90' lang='lat'><strong>1.</strong></span> <span class='ocrx_word' id='word_1_282' title='bbox 1142 2202 1199 2247; x_wconf 82' lang='lat'>4⁰,</span> <span class='ocrx_word' id='word_1_283' title='bbox 1218 2201 1253 2238; x_wconf 87' lang='grc'><strong>3.</strong></span> 
     </span>
    </p>

    <p class='ocr_par' dir='ltr' id='par_1_35' title="bbox 277 2259 1348 2306">
     <span class='ocr_line' id='line_1_37' title="bbox 277 2259 1348 2306; baseline 0.002 -12"><span class='ocrx_word' id='word_1_284' title='bbox 277 2259 396 2294; x_wconf 81' lang='lat' dir='ltr'><strong><em>Fortis</em></strong></span> <span class='ocrx_word' id='word_1_285' title='bbox 418 2269 486 2294; x_wconf 90' lang='lat' dir='ltr'><strong><em>non</em></strong></span> <span class='ocrx_word' id='word_1_286' title='bbox 509 2259 612 2294; x_wconf 86' lang='lat' dir='ltr'><strong><em>unice</em></strong></span> <span class='ocrx_word' id='word_1_287' title='bbox 633 2260 676 2294; x_wconf 88' lang='lat' dir='ltr'><strong><em>de</em></strong></span> <span class='ocrx_word' id='word_1_288' title='bbox 698 2261 826 2296; x_wconf 84' lang='lat' dir='ltr'><strong><em>bellica</em></strong></span> <span class='ocrx_word' id='word_1_289' title='bbox 846 2261 977 2297; x_wconf 80' lang='lat' dir='ltr'><strong><em>virtute</em></strong></span> <span class='ocrx_word' id='word_1_290' title='bbox 999 2262 1143 2306; x_wconf 82' lang='lat' dir='ltr'><strong><em>dictum,</em></strong></span> <span class='ocrx_word' id='word_1_291' title='bbox 1168 2262 1207 2296; x_wconf 84' lang='lat' dir='ltr'><strong>C.</strong></span> <span class='ocrx_word' id='word_1_292' title='bbox 1231 2259 1289 2304; x_wconf 85' lang='grc'><strong><em>45,</em></strong></span> <span class='ocrx_word' id='word_1_293' title='bbox 1312 2261 1348 2296; x_wconf 88' lang='grc'><strong><em>2.</em></strong></span> 
     </span>
    </p>

    <p class='ocr_par' dir='ltr' id='par_1_36' title="bbox 278 2315 1279 2362">
     <span class='ocr_line' id='line_1_38' title="bbox 278 2315 1279 2362; baseline 0.005 -12"><span class='ocrx_word' id='word_1_294' title='bbox 278 2317 438 2351; x_wconf 78' lang='lat' dir='ltr'><strong><em>Fortuna</em></strong></span> <span class='ocrx_word' id='word_1_295' title='bbox 463 2315 488 2350; x_wconf 86' lang='lat' dir='ltr'><strong>i.</strong></span> <span class='ocrx_word' id='word_1_296' title='bbox 511 2327 546 2360; x_wconf 80' lang='lat' dir='ltr'><strong><em>q.</em></strong></span> <span class='ocrx_word' id='word_1_297' title='bbox 567 2316 725 2352; x_wconf 79' lang='lat' dir='ltr'><strong><em>condicio</em></strong></span> <span class='ocrx_word' id='word_1_298' title='bbox 745 2318 906 2361; x_wconf 79' lang='lat' dir='ltr'><strong><em>alicuius,</em></strong></span> <span class='ocrx_word' id='word_1_299' title='bbox 928 2319 958 2355; x_wconf 92' lang='lat'><strong>1.</strong></span> <span class='ocrx_word' id='word_1_300' title='bbox 978 2318 1037 2362; x_wconf 81' lang='lat'>64,</span> <span class='ocrx_word' id='word_1_301' title='bbox 1061 2320 1096 2354; x_wconf 90' lang='grc'><strong><em>2.</em></strong></span> <span class='ocrx_word' id='word_1_302' title='bbox 1141 2318 1199 2362; x_wconf 87' lang='grc'><strong><em>85,</em></strong></span> <span class='ocrx_word' id='word_1_303' title='bbox 1223 2319 1279 2355; x_wconf 90' lang='grc'><strong><em>14.</em></strong></span> 
     </span>
    </p>

    <p class='ocr_par' dir='ltr' id='par_1_37' title="bbox 279 2374 1235 2420">
     <span class='ocr_line' id='line_1_39' title="bbox 279 2374 1235 2420; baseline 0.002 -11"><span class='ocrx_word' id='word_1_304' title='bbox 279 2375 437 2409; x_wconf 86' lang='lat' dir='ltr'><strong><em>Fortuna</em></strong></span> <span class='ocrx_word' id='word_1_305' title='bbox 460 2374 633 2418; x_wconf 84' lang='lat' dir='ltr'><strong><em>quomodo</em></strong></span> <span class='ocrx_word' id='word_1_306' title='bbox 656 2374 797 2410; x_wconf 81' lang='lat' dir='ltr'><strong><em>differat</em></strong></span> <span class='ocrx_word' id='word_1_307' title='bbox 818 2387 839 2411; x_wconf 82' lang='lat' dir='ltr'><strong><em>a</em></strong></span> <span class='ocrx_word' id='word_1_308' title='bbox 857 2377 1047 2420; x_wconf 80' lang='lat' dir='ltr'><strong><em>felicitate,</em></strong></span> <span class='ocrx_word' id='word_1_309' title='bbox 1068 2378 1097 2413; x_wconf 89' lang='lat'><strong>1.</strong></span> <span class='ocrx_word' id='word_1_310' title='bbox 1119 2376 1177 2418; x_wconf 80' lang='lat'><strong><em>95,</em></strong></span> <span class='ocrx_word' id='word_1_311' title='bbox 1200 2377 1235 2413; x_wconf 70' lang='lat'><strong>4.</strong></span> 
     </span>
    </p>

    <p class='ocr_par' dir='ltr' id='par_1_38' title="bbox 281 2431 1486 2480">
     <span class='ocr_line' id='line_1_40' title="bbox 281 2431 1486 2480; baseline 0.002 -13"><span class='ocrx_word' id='word_1_312' title='bbox 281 2433 459 2467; x_wconf 81' lang='lat' dir='ltr'><strong><em>Fortunae</em></strong></span> <span class='ocrx_word' id='word_1_313' title='bbox 481 2431 610 2476; x_wconf 80' lang='lat' dir='ltr'><strong><em>plurali</em></strong></span> <span class='ocrx_word' id='word_1_314' title='bbox 630 2444 774 2468; x_wconf 84' lang='lat' dir='ltr'><strong><em>numero</em></strong></span> <span class='ocrx_word' id='word_1_315' title='bbox 790 2434 884 2468; x_wconf 85' lang='lat' dir='ltr'><strong><em>idem</em></strong></span> <span class='ocrx_word' id='word_1_316' title='bbox 906 2435 1001 2470; x_wconf 69' lang='lat' dir='ltr'><strong><em>valet</em></strong></span> <span class='ocrx_word' id='word_1_317' title='bbox 1022 2438 1127 2480; x_wconf 79' lang='lat' dir='ltr'><strong><em>utque</em></strong></span> <span class='ocrx_word' id='word_1_318' title='bbox 1141 2438 1306 2480; x_wconf 81' lang='lat' dir='ltr'><strong><em>fortuna,</em></strong></span> <span class='ocrx_word' id='word_1_319' title='bbox 1328 2435 1357 2472; x_wconf 88' lang='grc' dir='ltr'><strong><em>Ῑ.</em></strong></span> <span class='ocrx_word' id='word_1_320' title='bbox 1380 2434 1438 2480; x_wconf 82' lang='grc'><strong><em>13,</em></strong></span> <span class='ocrx_word' id='word_1_321' title='bbox 1450 2434 1486 2469; x_wconf 89' lang='grc'><strong>3.</strong></span> 
     </span>
    </p>

    <p class='ocr_par' dir='ltr' id='par_1_39' title="bbox 282 2489 1030 2536">
     <span class='ocr_line' id='line_1_41' title="bbox 282 2489 1030 2536; baseline 0.007 -12"><span class='ocrx_word' id='word_1_322' title='bbox 282 2491 391 2524; x_wconf 84' lang='lat' dir='ltr'><strong><em>Fossa</em></strong></span> <span class='ocrx_word' id='word_1_323' title='bbox 411 2489 457 2523; x_wconf 84' lang='lat' dir='ltr'><strong><em>ab</em></strong></span> <span class='ocrx_word' id='word_1_324' title='bbox 479 2489 716 2525; x_wconf 76' lang='lat' dir='ltr'><strong><em>obsidentibus</em></strong></span> <span class='ocrx_word' id='word_1_325' title='bbox 736 2491 841 2534; x_wconf 82' lang='lat' dir='ltr'><strong><em>factu,</em></strong></span> <span class='ocrx_word' id='word_1_326' title='bbox 864 2492 892 2527; x_wconf 89' lang='lat'><strong>1.</strong></span> <span class='ocrx_word' id='word_1_327' title='bbox 916 2492 974 2536; x_wconf 87' lang='grc'><strong><em>23,</em></strong></span> <span class='ocrx_word' id='word_1_328' title='bbox 996 2493 1030 2530; x_wconf 86' lang='lat' dir='ltr'><strong><em>l.</em></strong></span> 
     </span>
    </p>

    <p class='ocr_par' dir='ltr' id='par_1_40' title="bbox 283 2546 884 2593">
     <span class='ocr_line' id='line_1_42' title="bbox 283 2546 884 2593; baseline 0.005 -13"><span class='ocrx_word' id='word_1_329' title='bbox 283 2548 417 2581; x_wconf 78' lang='lat' dir='ltr'><strong><em>Fraus:</em></strong></span> <span class='ocrx_word' id='word_1_330' title='bbox 436 2546 508 2581; x_wconf 83' lang='lat' dir='ltr'><strong><em>sine</em></strong></span> <span class='ocrx_word' id='word_1_331' title='bbox 535 2548 683 2590; x_wconf 82' lang='lat' dir='ltr'><strong><em>fraude,</em></strong></span> <span class='ocrx_word' id='word_1_332' title='bbox 705 2549 745 2582; x_wconf 83' lang='lat' dir='ltr'><strong>C.</strong></span> <span class='ocrx_word' id='word_1_333' title='bbox 768 2548 827 2593; x_wconf 87' lang='grc'><strong><em>36,</em></strong></span> <span class='ocrx_word' id='word_1_334' title='bbox 850 2548 884 2588; x_wconf 82' lang='grc'><strong><em>2.</em></strong></span> 
     </span>
    </p>

    <p class='ocr_par' dir='ltr' id='par_1_41' title="bbox 282 2602 1038 2650">
     <span class='ocr_line' id='line_1_43' title="bbox 282 2602 1038 2650; baseline 0.008 -12"><span class='ocrx_word' id='word_1_335' title='bbox 282 2605 453 2649; x_wconf 77' lang='lat' dir='ltr'><strong><em>Frequens</em></strong></span> <span class='ocrx_word' id='word_1_336' title='bbox 475 2602 652 2639; x_wconf 77' lang='lat' dir='ltr'><strong><em>diversum</em></strong></span> <span class='ocrx_word' id='word_1_337' title='bbox 675 2615 697 2640; x_wconf 85' lang='lat' dir='ltr'><strong><em>a</em></strong></span> <span class='ocrx_word' id='word_1_338' title='bbox 719 2608 845 2650; x_wconf 85' lang='lat' dir='ltr'><strong><em>creber,</em></strong></span> <span class='ocrx_word' id='word_1_339' title='bbox 871 2607 899 2642; x_wconf 92' lang='grc' dir='ltr'><strong><em>Ι.</em></strong></span> <span class='ocrx_word' id='word_1_340' title='bbox 921 2607 981 2650; x_wconf 89' lang='grc'><strong><em>45,</em></strong></span> <span class='ocrx_word' id='word_1_341' title='bbox 1002 2609 1038 2644; x_wconf 87' lang='grc'><strong><em>2.</em></strong></span> 
     </span>
    </p>

    <p class='ocr_par' dir='ltr' id='par_1_42' title="bbox 283 2660 1244 2707">
     <span class='ocr_line' id='line_1_44' title="bbox 283 2660 1244 2707; baseline 0.008 -15"><span class='ocrx_word' id='word_1_342' title='bbox 283 2660 454 2704; x_wconf 83' lang='lat' dir='ltr'><strong><em>Frequens</em></strong></span> <span class='ocrx_word' id='word_1_343' title='bbox 478 2660 578 2706; x_wconf 78' lang='lat' dir='ltr'><strong><em>regio</em></strong></span> <span class='ocrx_word' id='word_1_344' title='bbox 600 2661 625 2697; x_wconf 86' lang='grc' dir='ltr'><strong><em>ἱ.</em></strong></span> <span class='ocrx_word' id='word_1_345' title='bbox 649 2673 684 2706; x_wconf 83' lang='lat' dir='ltr'><strong><em>q.</em></strong></span> <span class='ocrx_word' id='word_1_346' title='bbox 706 2664 801 2697; x_wconf 84' lang='lat' dir='ltr'><strong><em>culta</em></strong></span> <span class='ocrx_word' id='word_1_347' title='bbox 823 2668 858 2698; x_wconf 82' lang='lat' dir='ltr'><strong><em>et</em></strong></span> <span class='ocrx_word' id='word_1_348' title='bbox 879 2665 1052 2707; x_wconf 75' lang='lat' dir='ltr'><strong><em>habitata,</em></strong></span> <span class='ocrx_word' id='word_1_349' title='bbox 1078 2665 1106 2699; x_wconf 83' lang='lat'><strong><em>1.</em></strong></span> <span class='ocrx_word' id='word_1_350' title='bbox 1128 2665 1187 2707; x_wconf 86' lang='grc'><strong><em>78,</em></strong></span> <span class='ocrx_word' id='word_1_351' title='bbox 1207 2664 1244 2700; x_wconf 86' lang='grc'><strong>4.</strong></span> 
     </span>
    </p>

    <p class='ocr_par' dir='ltr' id='par_1_43' title="bbox 282 2718 1192 2767">
     <span class='ocr_line' id='line_1_45' title="bbox 282 2718 1192 2767; baseline 0.005 -15"><span class='ocrx_word' id='word_1_352' title='bbox 282 2718 518 2764; x_wconf 84' lang='lat' dir='ltr'><strong><em>Frequentarc</em></strong></span> <span class='ocrx_word' id='word_1_353' title='bbox 541 2720 689 2766; x_wconf 78' lang='lat' dir='ltr'><strong><em>aliquem</em></strong></span> <span class='ocrx_word' id='word_1_354' title='bbox 710 2721 854 2756; x_wconf 83' lang='lat' dir='ltr'><strong><em>honoris</em></strong></span> <span class='ocrx_word' id='word_1_355' title='bbox 875 2733 1012 2767; x_wconf 77' lang='lat' dir='ltr'><strong><em>caussa,</em></strong></span> <span class='ocrx_word' id='word_1_356' title='bbox 1034 2724 1062 2757; x_wconf 86' lang='lat'><strong>1.</strong></span> <span class='ocrx_word' id='word_1_357' title='bbox 1083 2722 1142 2766; x_wconf 88' lang='grc'><strong><em>73,</em></strong></span> <span class='ocrx_word' id='word_1_358' title='bbox 1158 2722 1192 2758; x_wconf 86' lang='grc'><strong><em>6.</em></strong></span> 
     </span>
    </p>
   </div>
  </div>
 </body>
</html>
