1716 2996
269 130 326 172 44
840 127 844 165 .’
880 123 1053 167 INDEX

264 242 415 285 Infestus
437 249 508 274 vox
529 249 600 283 qua
622 238 759 274 ratione
779 237 955 283 passivam
977 238 1051 272 vim
1074 237 1236 284 accipiat,
1258 238 1287 274 1.
1309 237 1371 283 89,
1386 237 1422 274 5.

264 301 415 343 Infestus
437 297 609 332 exercitus
631 297 655 333 i.
670 309 703 341 q.
727 297 894 331 hostilem
916 296 1067 341 speciem
1090 307 1178 340 prae
1199 308 1238 331 se
1258 297 1424 340 ferensd
1425 298 1516 342 .46,
1529 298 1567 334 5.
1712 312 1716 339 ;

223 387 227 389 -
263 358 460 403 Infinitivus
481 367 550 391 non
573 356 715 399 ponitur
736 366 801 400 pro
824 355 1018 402 gerundia,
1049 354 1088 389 C.
1113 354 1178 398 17,
1210 355 1247 391 6.
1291 355 1360 399 30,
1390 355 1426 391 5.
1473 357 1502 391 1.
1523 357 1593 401 89,
1616 357 1653 393 3.

276 422 281 426 ·
356 414 437 454 192,
459 412 494 448 5.

262 471 459 518 Infinitivus
481 482 562 505 cum
585 470 802 505 substantivo
825 469 973 514 iunctus,
999 470 1038 507 C.
1061 469 1119 511 16,
1132 470 1167 504 2.

262 531 459 574 Infinitivus
481 528 632 572 pendens
655 540 697 562 ex
719 527 899 578 adiectivis
915 534 1083 573 paratus,
1106 533 1221 573 aptus,
1245 530 1326 570 etc„
1352 528 1381 562 l.
1403 527 1462 570 46,
1478 527 1513 563 5.
1542 528 1601 572 49,
1616 529 1654 565 3.

261 588 459 632 Infinitivus
481 598 525 621 ex
547 585 665 620 verbis
692 586 869 621 consilium
889 585 1128 621 indicantibus
1149 586 1320 631 pendens,
1360 586 1400 620 C.
1425 586 1494 631 52,
1515 586 1573 621 24.
1620 587 1651 621 l.

357 645 415 686 17,
438 645 472 678 l.
517 643 576 686 33,
597 643 632 678 3.

261 703 460 747 Infinitivus
481 701 671 745 praesentis
692 713 735 737 ex
758 714 861 747 quum
883 704 997 745 aptus,
1019 701 1051 736 1.
1064 700 1123 743 98,
1139 701 1174 735 2.

263 758 461 804 Infinitivus
483 759 672 804 praesentis
692 771 756 804 pro
779 759 874 793 infin.
898 758 1021 800 futuri,
1044 759 1070 793 l.
1087 759 1145 802 33,
1161 758 1197 793 3.

264 817 466 861 Infinitivus·
484 817 630 861 perfecti
653 829 722 852 non
744 815 885 862 ponitur
906 826 971 859 pro
993 815 1088 852 infin.
1112 817 1314 861 praeseutia,
1336 819 1366 853 Ι.
1388 818 1447 861 31,
1469 819 1527 855 27.

262 875 459 920 Infinitivus
484 875 597 909 futuri
623 874 732 910 activi
756 885 825 908 non
850 873 1044 909 necessario
1076 876 1122 910 ad
1144 888 1256 922 genus
1279 880 1314 911 et
1336 889 1513 913 numerum
1537 878 1652 913 nomi-

353 933 409 967 nis
429 933 591 976 refertur,
613 933 642 968 Ι.
657 933 739 975 199,
754 932 790 968 4.

260 992 457 1036 Infinitivus
480 990 588 1026 futuri
612 991 740 1036 passivi
764 990 914 1035 pendens
937 1000 982 1025 ex
1003 991 1112 1025 verbo
1133 996 1298 1033 statuere,
1320 991 1349 1026 1.
1373 990 1432 1033 39,
1454 991 1489 1029 5.

261 1049 459 1094 Infinitivus
482 1048 595 1083 futuri
618 1049 749 1093 passivi
769 1060 839 1084 non
863 1050 902 1084 fit
923 1061 964 1084 ex
986 1049 1171 1097 participio
1193 1049 1341 1094 perfecti
1363 1061 1445 1085 cum
1460 1052 1546 1095 fore
1565 1062 1649 1087 con-

353 1105 664 1148 iuncti‚1.88,3.

261 1165 460 1209 Infinitivus
481 1163 669 1200 historicus
692 1177 796 1210 quam
819 1166 893 1201 vim
916 1166 988 1200 hah
992 1168 1060 1208 eat,
1085 1165 1115 1200 1.
1137 1135 1194 1208 98,
1210 1165 1246 1200 2.

263 1224 463 1268 Infinitivus
483 1222 674 1258 historicus
696 1236 776 1258 cum
799 1236 861 1258 vei
864 1225 908 1258 bo
930 1224 1029 1258 finito
1050 1223 1200 1266 iunctus,
1221 1225 1262 1258 C.
1286 1224 1342 1266 22,
1364 1224 1399 1260 2.

261 1282 460 1327 Infinitivus
479 1281 670 1316 historicus
692 1282 755 1315 ubi
777 1293 845 1316 non
868 1281 976 1325 possit
1000 1292 1080 1314 cum
1102 1283 1256 1324 perfeeto
1279 1282 1434 1325 misceri,
1457 1284 1482 1321 1,
1510 1283 1567 1325 18,
1591 1283 1648 1319 12.

262 1339 457 1384 Infinitivus
478 1338 666 1373 historicus
686 1340 780 1373 male
802 1339 839 1373 in
862 1339 1055 1381 perrectum
1080 1342 1274 1382 corruptus,
1298 1339 1327 1377 Ι,
1349 1339 1408 1382 67,
1430 1340 1463 1374 2.

245 1397 460 1443 ‹Infinitivus
479 1395 672 1431 historicus
694 1396 815 1430 addito
838 1397 953 1430 iubere
976 1396 1087 1430 verbo
1111 1400 1306 1440 corruptus,
1328 1398 1355 1432 1.
1370 1396 1429 1439 76,
1445 1397 1480 1432 3.

263 1456 478 1501 Infinitivum
499 1453 708 1489 histdrieum
731 1453 862 1497 excipit
884 1453 1142 1496 imperfectum,
1165 1454 1205 1488 G.
1219 1453 1276 1497 16
1299 1454 1334 1491 2.
1379 1453 1437 1496 54,
1459 1455 1494 1489 4.
1537 1455 1596 1500 56,
1611 1457 1646 1492 4,

354 1512 686 1558 69,4.1.15,2.
734 1510 847 1555 3o,3.
896 1509 1013 1552 32,.3
1059 1509 1166 1551 43,4.

260 1575 433 1622 Ιηῇηἰιίυἰ
458 1571 619 1608 historici
651 1571 721 1605 duo
753 1568 940 1615 pendentes
971 1578 1014 1602 ex
1036 1568 1218 1613 particulis
1250 1581 1319 1605 non
1342 1580 1438 1606 secus
1461 1576 1585 1618 atque,
1619 1573 1648 1612 Ι,

353 1632 435 1675 199,
458 1631 493 1669 4.

259 1692 458 1739 Infinitivus
489 1699 591 1724 csse
620 1686 684 1722 ubi
705 1685 919 1728 amiciatur,
949 1685 990 1721 C.
1013 1684 1048 1728 1,
1065 1684 1101 1719 3.
1147 1684 1207 1727 29,
1229 1683 1266 1719 3.
1311 1685 1370 1731 48,
1395 1684 1431 1758 5.
1480 1687 1507 1723 1.
1530 1687 1588 1733 29,
1610 1690 1645 1724 1.

347 1750 407 1792 22,
429 1748 463 1783 1.
511 1746 617 1790 49,4
621 1771 630 1780 .

261 1809 475 1859 fifim'n'uum
507 1803 639 1850 passivi
661 1802 720 1840 IV.
746 1799 1000 1846 eoniugationis
1023 1799 1131 1838 etiam
1151 1801 1318 1836 nonnulla
1339 1802 1448 1837 verba
1476 1802 1647 1840 n1.con..

348 1864 542 1912 iugationis
561 1862 704 1904 habent,
729 1860 757 1895 1.
781 1859 840 1901 62,
861 1857 897 1891 4.

258 1930 422 1975 Ingerere
444 1924 515 1960 tela
538 1921 562 1957 i.
586 1932 622 1965 q.
645 1919 768 1953 crebro
791 1916 942 1957 mittere,
966 1915 992 1950 Ι.
1007 1913 1067 1958 69,
1090 1913 1126 1949 6.

259 1984 405 2032 Ingredi
428 1979 561 2026 aliquid
585 1976 760 2022 quomodo
784 1975 926 2009 differat
949 1974 995 2008 ab
1017 1971 1159 2019 ingredi
1181 1972 1311 2018 aliqud,
1334 1973 1435 2020 1.42‚
1453 1974 1485 2012 1.

259 2046 462 2080 Ιηῖιιηιεεῐιεε
484 2039 510 2073 i.
532 2048 566 2081 q.
589 2033 776 2080 inglorius,
799 2033 837 2067 G.
855 2031 912 2072 29,
927 2030 962 2065 9.

260 2101 423 2136 Inimicus
445 2094 622 2142 quomodo
646 2091 789 2127 differat
811 2090 857 2124 ab
880 2090 990 2130 hoste,
1012 2088 1039 2122 1.
1064 2087 1122 2130 19,
1143 2086 1178 2122 5.

262 2158 425 2194 Inimicus
446 2152 662 2189 substantive
683 2161 764 2184 cum
787 2146 908 2182 dativo
931 2145 1165 2188 coniunctum,
1189 2145 1228 2179 C.
1244 2144 1301 2189 19,
1318 2146 1352 2181 1.

262 2216 423 2252 Inimicus
444 2216 481 2246 et
503 2211 639 2255 iniquus
660 2206 815 2249 confusa,
837 2205 866 2239 Ι.
890 2202 949 2247 54,
972 2203 1008 2238 5.

261 2274 421 2318 Iniquum
443 2273 618 2303 certamen
640 2266 664 2299 ἰ.
691 2276 725 2309 q.
747 2263 874 2308 impar,
897 2264 924 2297 1.
947 2261 1004 2306 54,
1028 2260 1063 2296 5.

259 2331 364 2366 Initio
392 2327 464 2363 alio
486 2336 588 2360 sensu
609 2323 736 2358 dicitur
759 2333 865 2365 quam
889 2322 933 2355 ab
955 2321 1071 2364 initio,
1094 2320 1121 2354 1
1148 2319 1205 2360 29,
1220 2319 1254 2358 2

261 2388 415 2424 Iniuriae
439 2384 584 2420 alicuius
606 2381 630 2416 i.
648 2393 682 2425 q.
706 2379 856 2414 iniuriae
878 2378 986 2414 alicui
1007 2379 1142 2421 illatae,
1171 2378 1212 2411 G.
1233 2375 1292 2418 52,
1308 2376 1343 2411 6.

261 2447 398 2482 Iniussu
419 2452 488 2487 qua
510 2439 676 2484 analogia
698 2438 840 2482 dictum,
864 2438 891 2473 1.
910 2437 944 2479 2,
959 2436 994 2471 4.
1039 2435 1136 2478 39,.-
1113 2435 1146 2469 ⁹.

262 2502 464 2539 innocentia
484 2497 657 2533 avaritiae
678 2496 880 2541 opponitur,
904 2495 943 2529 C.
967 2494 1024 2536 12,
1041 2493 1075 2526 l.
1122 2490 1181 2536 51,
1196 2491 1234 2527 6.
1282 2492 1309 2526 1.
1323 2491 1380 2535 46,
1395 2492 1427 2526 1.

261 2558 463 2596 Innocentio
484 2555 509 2591 i.
536 2567 569 2599 q.
594 2566 734 2588 morum
756 2553 953 2598 integritas,
975 2552 1002 2586 1.
1023 2550 1083 2593 85,
1097 2549 1132 2584 4.

263 2618 423 2653 lunoxius
446 2613 563 2650 activa
585 2616 620 2647 et
643 2612 784 2656 passiva
806 2611 847 2645 vi·
867 2609 1074 2651 dictum-C.
1098 2606 1156 2649 39,
1177 2606 1213 2641 2.
1258 2620 1264 2626 ’
1287 2615 1291 2618 ·

261 2676 386 2720 Inopia
407 2677 442 2708 et
466 2671 568 2717 copia
590 2669 762 2715 singulari
784 2669 890 2703 modo
912 2667 980 2702 sibi
1003 2664 1172 2710 opposita,
1196 2663 1235 2699 G.
1258 2663 1316 2705 11,
1332 2663 1355 2697 3

261 2734 456 2768 Insulamm
477 2728 622 2765 nomina
643 2727 817 2764 incenium
841 2725 915 2760 sine
937 2720 977 2759 in·
997 2727 1186 2769 pennatus.
1199 2722 1232 2756 Ἰ.
1253 2721 1311 2761 28.
1327 2721 1361 2755 6.
1423 2720 1426 2723 '
