1716 2996
1344 133 1363 151 Ο

229 190 314 231 366
602 186 1004 231 C.SALLUST1
1033 169 1257 236 cluss!

230 306 407 366 integ-ra
450 302 571 348 fama
623 304 773 364 potior
825 305 930 364 fuit,
983 305 1214 367 improbus
1241 299 1615 372 'intestabilisque

232 402 421 449 videtur.

369 496 576 544 LXVIII.
647 496 860 542 Metellus
905 505 1146 559 postquam
1191 500 1250 546 de
1292 501 1425 547 rebus
1461 501 1617 563 Vagae

237 597 344 641 actis
382 594 624 655 comperit,
659 595 904 655 paullisper
939 602 1134 642 moestus
1171 613 1197 642 e
1232 604 1475 658 conspectu
1501 600 1619 654 abit;

236 693 426 751 deinde,
469 691 546 736 ubi
590 691 655 735 ira
699 697 744 735 et
787 693 1023 753 aegritudo
1066 695 1286 755 permixta
1331 701 1430 741 sunt
1451 726 1465 751 ,
1519 682 1620 741 cum

197 805 446 847 2maxuma
484 804 590 833 cura
625 788 766 833 ultum
801 789 865 834 ire
900 791 1076 836 iniurias
1112 791 1303 836 festinat.
1356 792 1620 853 Legionem,

234 901 390 946 Turpilii
414 902 540 946 fugam
563 899 658 934 casui
682 899 811 934 deberi.
858 902 991 936 Eodem
1023 902 1127 937 modo
1158 908 1347 948 saepe‘aut
1369 904 1544 948 particula
1565 904 1622 939 bi—

234 963 402 999 membris
424 962 551 996 effecta
581 961 719 995 videtur
749 961 999 1007 interrogatio,
1035 974 1126 1006 quae
1151 963 1298 1007 simplex
1321 967 1456 999 tantum
1478 970 1548 1008 est,
1573 965 1621 1000 si-

235 1025 376 1069 quidem
399 1023 613 1058 vocabulum
643 1035 705 1068 per
728 1029 791 1058 aut
816 1023 973 1058 additum
996 1035 1064 1057 non
1086 1035 1128 1058 ex
1154 1024 1391 1069 interrogandi
1414 1027 1516 1060 verbo
1538 1038 1622 1070 pen-

235 1086 312 1127 det,
337 1085 396 1119 sed
421 1084 662 1119 tantummodo
679 1085 715 1118 in
737 1084 812 1119 eius
836 1085 973 1127 locum,
1010 1085 1053 1119 de
1076 1095 1145 1128 quo
1169 1071 1367 1129 quaeritur,
1391 1086 1622 1122 substituitur.

235 1147 281 1180 cf.
307 1145 378 1180 Cic.
410 1146 453 1179 de
478 1145 550 1180 off.
574 1144 649 1187 111,
671 1144 737 1187 13,
762 1145 820 1182 54.
870 1147 1028 1189 Quaero,
1062 1146 1093 1179 si
1119 1146 1205 1180 haec
1237 1147 1444 1191 emptoribus
1466 1147 1624 1183 venditor

234 1217 303 1240 non
337 1207 483 1247 dixerit,
521 1217 620 1256 pum
656 1206 834 1240 iniuste
877 1211 956 1240 aut
991 1206 1193 1249 improbe
1217 1206 1429 1251 fecerit?
1461 1207 1532 1241 Hic
1553 1219 1622 1242 non
1670 1192 1678 1199 .

234 1267 326 1301 duae
355 1270 434 1301 sunt
463 1266 746 1311 interrogationis
770 1269 904 1310 partes,
937 1277 1087 1310 quarum
1112 1267 1222 1302 altera
1247 1268 1290 1301 od
1318 1266 1545 1311 iniustitiam,
1569 1269 1623 1304 al-

236 1335 312 1364 tera
334 1329 378 1363 ad
402 1328 665 1372 improbitatem
689 1332 844 1372 spectet,
870 1328 929 1362 sed
954 1327 1082 1361 iniuste
1113 1333 1195 1363 aut
1229 1329 1380 1373 improbe
1403 1341 1524 1372 voces,
1549 1329 1622 1365 iam

236 1393 336 1433 aute,
372 1400 477 1433 quam
509 1389 554 1422 ad
584 1400 667 1422 num
702 1389 935 1430 referrentur,
969 1387 1161 1432 discretae,
1186 1391 1350 1432 tanquam
1374 1401 1444 1425 una
1467 1390 1565 1426 notio
1587 1394 1623 1426 et

238 1449 451 1484 coniunctim
475 1460 518 1483 ex
539 1449 816 1494 interrogatione
838 1449 997 1493 pendent.
1031 1447 1147 1484 Tacit.
1178 1448 1265 1484 Ann.
1284 1450 1343 1497 IV,
1366 1451 1424 1493 1⁷,
1446 1451 1480 1486 2.
1528 1452 1623 1487 Acci-

237 1516 291 1545 tos
312 1510 492 1555 pontifices
512 1514 737 1554 percontatus
763 1514 836 1551 est,
868 1522 952 1544 num
981 1511 1018 1545 id
1039 1509 1198 1555 precibus
1220 1511 1440 1555 Agrippinae
1471 1517 1535 1548 aut
1557 1513 1624 1551 πυ·-

238 1571 294 1606 nis
317 1571 515 1606 tribuissent
525 1570 557 1604 ?·
575 1570 601 1606 i.
629 1581 661 1605 e.
696 1581 780 1605 num
810 1570 846 1604 id
881 1570 1095 1616 Agrippinae
1126 1570 1342 1614 tribuissent,
1374 1571 1532 1616 precanti
1562 1576 1625 1608 aut

239 1632 400 1671 minanti.
446 1632 549 1666 Patet
580 1630 690 1676 igitur
723 1635 786 1666 aut
817 1630 854 1664 in
878 1629 1183 1676 ‘enunciationibus
1210 1630 1507 1677 interrogantibus
1536 1632 1625 1668 nihil

239 1695 285 1728 ad
307 1693 420 1738 ipsam
447 1692 758 1737 interrogationem
782 1689 964 1735 pertinere,
987 1690 1046 1724 sed
1070 1690 1194 1725 eadem
1215 1690 1251 1725 vi
1275 1692 1424 1736 positum
1447 1672 1538 1735 esse,⁸
1556 1705 1626 1738 qua

239 1753 277 1789 in
301 1754 504 1788 universum
526 1753 589 1787 uni
610 1752 744 1787 notioni
767 1751 916 1787 alteram
948 1749 1149 1794 substituit,
1173 1752 1215 1788 de
1236 1764 1307 1797 qua
1327 1764 1361 1788 v.
1385 1753 1430 1788 ad
1453 1765 1482 1789 c.
1506 1743 1566 1799 111,
1589 1754 1624 1790 2.

239 1815 349 1858 LXII,
372 1814 406 1849 1.
829 1859 832 1863 ἱ

332 1876 402 1910 nisi
422 1894 470 1903 —
496 1874 658 1919 videtur]
697 1873 779 1909 Nisi
810 1873 1020 1909 Gerlachius
1054 1872 1310 1908 adversativam
1339 1876 1374 1909 et
1405 1875 1624 1920 exceptivam

241 1935 314 1972 vim
346 1937 481 1971 habere
509 1940 647 1978 censet3
680 1936 742 1972 sed
773 1935 876 1970 istam
907 1933 1118 1979 particulam
1150 1944 1232 1967 cum
1259 1934 1399 1969 videtur
1430 1935 1540 1970 verbo
1562 1947 1625 1980 per

241 1998 382 2043 ellipsin
408 2001 512 2042 atque
534 1998 774 2034 attractionem
796 1995 969 2040 quandam
992 1994 1160 2029 contineri
1181 2006 1288 2039 supra
1310 1994 1381 2030 iam
1405 1994 1557 2031 diximus
1579 1996 1625 2033 ad

241 2071 274 2094 c.
296 2058 422 2101 XXIV,
445 2057 479 2095 5.
526 2057 647 2101 Neque
670 2055 763 2090 enim
787 2057 898 2091 videri
921 2055 1111 2100 excipitur,
1127 2091 1130 2093 ,
1144 2056 1203 2091 sed
1223 2056 1284 2099 id,
1308 2056 1402 2100 quod
1423 2056 1538 2092 miuus
1560 2056 1623 2092 du-

241 2120 342 2154 bium
364 2122 474 2162 esset,
497 2118 667 2162 excipitur
685 2129 728 2151 ex
750 2127 811 2160 eo,
846 2117 940 2162 quod
962 2128 1086 2161 parum
1109 2119 1198 2151 esset
1231 2120 1460 2161 compertum.
1506 2118 1626 2162 Quare

242 2191 350 2224 quum
386 2180 490 2224 plena
522 2179 680 2214 oratione
708 2178 760 2213 ita
794 2177 977 2212 dicendum
1011 2177 1150 2213 fuisset:
1184 2176 1252 2212 nisi
1282 2177 1345 2212 boc
1378 2182 1512 2214 coastat
1535 2188 1625 2220 eum,

242 2241 328 2285 quia
350 2260 396 2266 --
426 2240 516 2284 fuit,
555 2239 758 2285 improbum
788 2238 1090 2283 intestabilemque
1123 2238 1256 2280 videri,
1286 2237 1471 2274 Sallustius
1497 2237 1626 2275 omisso

223 2302 363 2347 -priore
386 2302 496 2336 verbo
519 2301 610 2335 unde
632 2299 810 2345 sequeutia
831 2300 981 2345 pendere
1002 2300 1192 2342 debebant,
1218 2299 1333 2344 ipsum
1356 2299 1466 2334 videri
1487 2298 1532 2333 ad
1557 2298 1627 2333 nisi

243 2362 364 2398 retulit
395 2366 429 2397 et
463 2361 563 2396 finito
598 2364 755 2405 tempore
784 2362 912 2406 posuit.
968 2360 1084 2396 Simul
1114 2364 1212 2404 patet
1239 2371 1367 2405 parum
1403 2358 1625 2403 comperimus

243 2434 346 2460 sensu
367 2422 566 2458 indefinitae
593 2421 753 2457 dictionis
778 2422 985 2467 capiendum
1016 2433 1110 2463 esse,
1142 2420 1243 2465 quasi
1264 2420 1309 2456 sit
1329 2429 1455 2465 parum
1478 2422 1624 2453 constat.

244 2485 300 2519 De
326 2486 495 2529 potestate
525 2484 713 2528 comperire
744 2482 844 2517 verbi
881 2493 915 2517 v.
948 2482 992 2517 ad
1021 2494 1051 2516 c.
1086 2481 1193 2522 xvn,
1225 2480 1259 2515 2.
1284 2498 1331 2506 -
1355 2480 1501 2524 Integra
1516 2481 1625 2523 fama

248 2556 370 2580 omnes
391 2544 474 2578 libri
497 2548 634 2587 tenent,
666 2543 815 2588 exceptis
845 2543 914 2577 luc.
938 2542 971 2576 1.
994 2545 1030 2577 et
1058 2542 1164 2576 Fabr.
1188 2541 1223 2577 2.
1247 2540 1307 2585 qui
1329 2540 1420 2574 haec
1442 2540 1549 2575 verba
1571 2540 1626 2575 in-

249 2616 352 2641 verso
385 2604 506 2640 ordine
539 2605 716 2640 exhibent.
771 2606 862 2639 Eum
895 2602 1055 2646 eortius,
1096 2606 1260 2646 tanquam
1291 2600 1383 2635 mori
1413 2600 1626 2636 Sallust-iano

251 2667 369 2713 magis
389 2676 607 2712 congruum,
639 2669 769 2699 temere
794 2663 831 2698 in
862 2665 994 2697 textum
1024 2662 1173 2706 recepit3
1201 2673 1285 2696 uam
1307 2661 1496 2696 sententiae
1517 2662 1570 2696 vis
1591 2661 1627 2696 iu

254 2728 428 2763 adiectivo
450 2727 550 2763 inest.
593 2725 691 2760 Idem
707 2725 797 2769 fuit,
820 2724 912 2768 quod
936 2723 1175 2758 tantummodo
1202 2723 1238 2758 in
1259 2714 1406 2758 Eccard.
1433 2725 1468 2757 et
1487 2721 1572 2769 Seu.
1594 2721 1626 2756 1.

254 2786 377 2834 deest,
413 2786 540 2822 omisit.
566 2803 609 2813 —
641 2785 853 2822 [intestabilis
883 2783 1024 2829 proprie
1055 2787 1126 2826 est,
1159 2783 1219 2828 qui
1252 2793 1363 2827 neque
1386 2786 1628 2818 testamentum
