1702 2982
161 202 245 243 132
533 196 577 239 e.
609 173 936 239 SALLus'n
965 193 1192 238 calsi’r

163 314 384 372 nendum,
436 313 687 358 necessario
725 313 879 372 copias
917 318 1076 373 parat,
1113 317 1158 356 et
1192 308 1438 372 Iugurthae
1474 310 1556 354 ob-

133 413 264 462 2vius
309 410 530 472 procedit.
597 409 782 454 Interim
822 405 948 453 haud
994 409 1133 470 longe
1165 423 1192 452 a
1225 408 1362 465 mari,
1407 422 1559 468 prope

165 509 335 555 Cirtam
380 507 627 569 oppidum,
682 506 911 565 utriusque
966 505 1172 552 consedit
1218 505 1460 559 exercitus,
1515 509 1567 548 et*

164 607 269 666 quia
321 605 394 650 die
448 610 697 649 extremum
747 609 866 662 erat,
918 604 1143 664 proelium
1182 617 1274 647 non
1317 601 1558 662 inceptum.

164 703 260 749 Sed
295 703 374 747 ubi
409 702 680 762 plerumque
714 700 855 745 noctis
891 700 1133 761 processit,
1170 699 1364 744 obscuro
1401 698 1559 743 etiam—

164 808 262 845 tum
312 799 504 856 lumine,
551 798 711 842 milites
765 797 1020 859 Iugurthini
1075 797 1205 858 signo
1261 796 1367 841 dato
1417 802 1561 841 castra

164 962 269 1005 cidit,
293 971 399 1006 quem
423 961 598 996 derectum
621 959 762 994 Cottius
785 970 848 1003 pro
871 970 957 994 vera
980 959 1154 1004 scriptura
1176 957 1343 1003 arripuit,
1368 958 1462 992 male
1477 968 1561 1002 pro-

164 1034 293 1058 vocans
322 1022 367 1057 ad
398 1021 435 1056 id
470 1021 622 1056 omissae
654 1021 715 1055 sed
747 1020 942 1064 particulae
971 1032 1102 1066 genus,
1127 1021 1220 1065 quod
1242 1018 1494 1054 illustravimus
1515 1017 1568 1052 adr

165 1083 242 1117 Cat.
277 1082 433 1124 XXXV,
464 1082 499 1118 2.
524 1085 558 1116 et
582 1081 627 1115 ad
650 1082 780 1124 mul,
808 1082 865 1116 14.
889 1082 951 1116 ubi
986 1081 1183 1117 contrariae
1219 1078 1431 1120 sententiae,
1462 1077 1563 1112 iuxta

164 1144 377 1187 collocatae,
401 1142 509 1177 facile
533 1142 727 1186 particula,
752 1154 880 1177 nexum
904 1146 1145 1186 monstrante,
1169 1153 1289 1178 carere
1313 1141 1475 1186 possunt,
1498 1137 1563 1182 qui

164 1217 247 1240 usus
276 1204 393 1251 magis
424 1204 616 1238 rhetoricus
647 1214 756 1247 quam
788 1204 1043 1249 grammaticus
1079 1208 1143 1239 est.
1190 1204 1319 1239 Nostro
1343 1205 1460 1236 autem
1482 1200 1561 1234 loco

165 1266 225 1300 sed
262 1276 326 1310 per
358 1265 614 1309 oppositionem
649 1265 838 1299 transitum
871 1268 976 1309 parat
1007 1265 1053 1300 ad
1086 1264 1288 1310 sequent1a3
1311 1261 1560 1303 cmlxxxm,

165 1325 200 1362 4.
224 1345 271 1352 —-
296 1325 503 1371 Plerumque
527 1326 637 1360 noctis
658 1327 822 1370 processit
844 1325 970 1360 iisdem
995 1325 1113 1360 verbis
1145 1325 1294 1361 recurrit
1327 1336 1358 1359 c.
1393 1323 1494 1365 clx,
1525 1321 1561 1358 4.

166 1386 212 1419 cf.
232 1385 298 1427 LI,
321 1385 355 1419 2.
379 1386 499 1431 itaque
516 1388 663 1421 multum
688 1386 760 1420 diei
780 1391 1099 1430 processerat.
1132 1406 1178 1412 -
1200 1388 1254 1421 De
1273 1386 1455 1421 etiamtum
1476 1394 1562 1428 par-

166 1447 276 1482 ticula
307 1457 343 1480 v.
377 1447 422 1481 ad
455 1448 534 1482 Cat.
569 1447 624 1488 11,
654 1446 689 1481 l.
723 1447 870 1491 Fragm.
902 1447 1057 1482 Histoi-r.
1091 1448 1163 1492 IV,
1197 1447 1257 1483 23.
1291 1447 1391 1481 Gerl.
1433 1445 1562 1479 lumine

165 1510 416 1545 etiamtum
447 1509 578 1543 incerto
602 1507 696 1542 duae
724 1508 886 1542 mulieres
909 1512 1057 1542 montem
1085 1508 1286 1543 ascendunt.
1307 1507 1387 1541 noc
1409 1506 1490 1540 loco
1513 1504 1561 1538 si-

165 1572 240 1605 mul
274 1570 386 1606 utitur
418 1568 647 1610 Gerlach'ius,
678 1570 719 1602 ut
746 1568 960 1603 demonstret
989 1568 1195 1604 Sallustium
1230 1571 1346 1604 lumen
1374 1570 1563 1611 poetarum

165 1643 264 1667 more
296 1643 360 1676 pro
394 1632 468 1665 luce
499 1639 692 1673 usurpare,
724 1629 824 1674 quasi
857 1642 899 1665 eo
922 1631 1012 1665 haec
1036 1631 1208 1665 vocabula
1233 1630 1418 1672 differant,
1446 1632 1483 1662 ut
1507 1628 1562 1662 lu-

166 1705 245 1728 men
277 1691 520 1728 tantummono
545 1702 566 1725 a
589 1690 721 1734 poeste,
749 1693 806 1726 lux
830 1693 1071 1727 tantummodo
1094 1703 1117 1727 a
1140 1702 1265 1736 prosae
1287 1690 1454 1726 orationis
1476 1687 1563 1723 scri-

165 1753 326 1800 ptoribus
360 1754 519 1794 dicatur,
566 1755 721 1786 ceterum
756 1753 938 1797 utriusque
973 1764 1093 1787 sensus
1126 1752 1220 1787 idem
1251 1751 1308 1787 sit.
1365 1750 1563 1785 Discrimcn

168 1815 362 1850 luculenter
394 1813 553 1858 exposuit
585 1814 716 1848 Ludov.
743 1813 942 1848 Doederlin.
967 1813 1003 1848 in
1029 1814 1258 1859 Synonymm.
1281 1814 1360 1848 Lat.
1386 1812 1432 1847 T.
1458 1812 1502 1846 Π.
1526 1823 1560 1856 p.

167 1875 215 1910 66
238 1887 312 1919 sqq.
337 1876 507 1910 lumine
531 1874 656 1909 docens
680 1876 826 1909 lucem
852 1875 1014 1920 diffundi.
1043 1875 1178 1908 Lumen
1198 1877 1249 1908 est
1271 1873 1364 1908 enim
1386 1873 1447 1915 id,
1470 1873 1562 1907 unde

169 1937 312 1972 claritas
337 1937 427 1979 exit,
451 1936 528 1971 sive
551 1947 672 1981 corpus
696 1937 848 1970 lucidum
857 1948 870 1977 ,-
895 1937 953 1970 lux
975 1945 1060 1969 vero
1086 1934 1262 1979 significat
1288 1934 1485 1968 claritatem
1510 1934 1563 1967 lu-

169 1998 261 2032 mine
294 1999 475 2043 effectam,
507 1996 581 2031 sive
604 1998 818 2042 splendorem
842 1998 974 2042 ipsum,
999 2008 1063 2040 quo
1088 2006 1143 2029 res
1165 1996 1397 2029 illustrantur.
1443 1994 1563 2037 Quare

169 2060 285 2093 lumen
315 2070 493 2103 nunquam
525 2058 617 2093 diem
650 2058 849 2103 significat,
886 2059 946 2093 sed
975 2056 1038 2092 ubi
1069 2056 1163 2090 hunc
1195 2067 1334 2089 sensum
1357 2054 1490 2088 habere
1512 2053 1563 2088 vi-

169 2121 290 2162 detur,
326 2120 371 2154 ad
402 2121 508 2154 solem
540 2118 657 2163 potius
680 2119 904 2154 referendum
936 2122 1006 2163 est,
1031 2117 1123 2152 unde
1149 2117 1223 2151 dies
1245 2127 1345 2156 suam
1369 2117 1562 2150 lucem-ac-

169 2181 263 2225 cipit.
325 2180 438 2225 Igitur
477 2183 595 2215 nostro
638 2180 716 2214 loco
747 2192 867 2215 sensus
900 2183 969 2214 est:
1002 2191 1106 2224 quum
1139 2180 1190 2213 sol
1225 2179 1340 2232 adhrgc
1372 2180 1562 2222 tegeretur,

169 2252 281 2285 neque
304 2241 381 2274 luce
404 2253 468 2276 sua
490 2240 673 2286 regionem
695 2241 909 2282 illustraret3
933 2240 1063 2285 pariter
1086 2239 1122 2273 in
1145 2238 1239 2274 Hist.
1262 2237 1335 2282 lv,
1368 2237 1428 2273 23.
1449 2237 1562 2272 incer-

169 2302 205 2337 to
230 2303 362 2337 lumine
385 2302 656 2348 intelligendum
680 2299 741 2336 est⁴
759 2303 802 2336 de
824 2303 898 2337 sole
920 2303 1074 2336 nondum
1106 2301 1211 2345 plane
1240 2298 1448 2343 conspicuo,
1480 2309 1563 2332 nec·

169 2363 253 2397 dum
289 2364 385 2397 clare
418 2364 566 2397 lucente.
624 2362 695 2396 Ubi
718 2373 804 2397 vero
828 2364 901 2397 dies
925 2361 1135 2406 simpliciter
1158 2349 1344 2405 opponitur
1365 2360 1458 2394 nocti
1480 2358 1504 2394 i.
1529 2371 1562 2394 e.

168 2423 343 2466 tenebris,
365 2428 459 2458 recte
483 2424 611 2458 dicitur
633 2424 714 2464 lum
738 2423 785 2457 cf.
812 2422 904 2457 infra
928 2434 957 2456 c.
983 2423 1082 2465 xci,
1107 2422 1142 2457 3.
1171 2422 1290 2457 Tertia
1313 2426 1432 2463 nocte,
1454 2420 1563 2454 multo

171 2489 254 2519 ante
285 2485 328 2518 lu
339 2485 377 2518 ci
386 2496 402 2518 s
432 2485 633 2520 adventum.
669 2483 744 2518 niv.
776 2484 914 2525 XXXI,
946 2483 1011 2528 23,
1039 2484 1074 2518 4.
1111 2483 1251 2525 Primis,
1270 2481 1420 2516 tenebris
1441 2481 1560 2523 movit,

172 2550 205 2580 et
234 2545 399 2590 paullo
433 2550 542 2580 ante
581 2547 722 2579 lucem
758 2544 881 2578 turrim
909 2544 1105 2588 proximam
1136 2544 1238 2588 cepit.
1274 2542 1311 2577 id
1341 2541 1407 2584 w,
1437 2539 1559 2586 39,5.

178 2605 248 2640 Nec
280 2617 424 2652 pugnae
446 2606 535 2650 finis
567 2611 677 2640 ante
710 2609 887 2639 nbctem
911 2605 1006 2648 fuit3
1030 2605 1168 2646 consul,
1194 2603 1290 2638 dum
1313 2603 1561 2648 quicquam

172 2668 409 2712 superfuit
431 2667 577 2708 lucis,
603 2667 734 2700 hostem
758 2665 878 2700 tenuit.
902 2665 1009 2699 Nullo
1043 2668 1161 2699 nutem
1195 2663 1325 2698 iudicio
1349 2663 1562 2698 Gerlachius

173 2739 254 2762 cum
287 2731 404 2762 nostro
435 2728 517 2762 loco
549 2726 698 2761 contulit
730 2726 836 2760 Ennii
858 2737 1000 2760 versum
1023 2725 1117 2769 apud
1143 2724 1216 2761 Cic.
1239 2737 1273 2769 p.
1298 2724 1422 2761 Rabir.
1448 2737 1477 2760 c.
1503 2725 1561 2766 11,

172 2787 229 2826 29.
255 2788 297 2824 Si
320 2794 355 2824 te
379 2788 580 2824 secundo
606 2787 772 2823 lumine
796 2787 851 2821 hic
878 2787 1071 2832 offendero,
1095 2787 1258 2828 moriere,
1282 2789 1316 2820 et
1345 2785 1443 2830 Vir-g.
1475 2785 1559 2819 Aen.
