1716 2996
243 200 329 241 548
610 195 655 239 G.
686 195 1009 239 SALLUSTI
1057 196 1279 241 chsm

209 318 422 372 firantem
458 318 504 357 et
537 311 662 357 illum
698 313 1103 359 sceleratissumum
1145 316 1372 375 persequi.
1443 315 1518 361 Ad
1551 316 1640 360 hoc

248 411 422 473 populo
457 410 669 453 Romano
703 408 793 453 iam
828 426 855 454 a
889 411 1113 471 principio
1150 412 1308 456 melius
1335 413 1493 470 visum,
1528 400 1640 458 ami—

250 524 328 553 cos
357 521 492 567 quam
528 520 681 550 servos
719 522 959 566 quaerere;
995 508 1223 568 tutiusque
1257 509 1356 567 rati,
1393 510 1642 555 volentibus

208 628 233 667 7
249 620 384 666 quam
426 603 592 649 coactis
637 603 908 665 imperitare.
981 605 1087 650 Tibi
1121 620 1230 650 vero
1264 606 1386 651 nulla
1420 613 1644 668 opportu-

243 791 383 833 soctum
410 789 494 833 puto
528 795 621 827 esse,
653 790 782 832 gnate,
825 798 958 832 quum
990 792 1028 823 te
1061 788 1289 834 intelligo
1319 779 1491 834 eesipisee.
1534 788 1644 838 i’lnra

247 849 355 884 huius
379 846 517 894 generis
535 846 739 882 Gronovius
763 847 911 893 collegit
932 848 977 882 ad
999 847 1077 883 mv.
1101 849 1266 892 XXXIX,
1291 849 1349 891 12,
1377 850 1423 892 7.,
1446 849 1573 894 quibus
1590 850 1647 883 lo·

248 910 300 945 cis
337 908 500 944 omnibus
536 919 641 953 quum
682 918 826 943 caussae
861 909 936 944 vim
977 921 1046 944 non
1084 910 1203 944 hahet.
1241 921 1275 944 v.
1310 910 1402 959 Aug.
1437 909 1645 945 Grotefendi

249 973 409 1007 Granum.
443 970 521 1005 nat.
553 969 663 1003 schol.
692 980 726 1013 p.
761 969 844 1005 344.
870 973 903 1014 §-
931 970 1012 1005 421.
1035 974 1107 1005 not.
1129 971 1164 1013 1,
1187 970 1222 1007 3.
1245 974 1280 1006 et
1303 971 1480 1016 imprimis
1502 984 1538 1016 p.
1562 971 1644 1008 317.
1702 959 1706 961 ’

249 1035 280 1080 §.
307 1033 390 1068 393.
414 1034 486 1067 not.
511 1030 545 1065 3.
570 1049 615 1054 —
644 1030 780 1072 Talem,
801 1042 837 1065 v.
861 1031 907 1066 ad
930 1043 960 1066 c.
986 1031 1032 1074 X,
1054 1030 1089 1066 8.
1112 1045 1147 1078 p.
1172 1033 1229 1068 56.
1255 1053 1300 1058 —-
1337 1033 1537 1077 Aliquando
1562 1043 1644 1066 cum

248 1094 285 1128 vi
322 1104 386 1138 pro
420 1092 564 1128 tandem
597 1091 790 1136 aliquando
822 1092 957 1127 dictum
989 1091 1244 1129 illustravimus
1274 1094 1320 1129 ad
1353 1107 1384 1128 c.
1409 1092 1519 1134 mm,
1542 1092 1575 1126 1.
1599 1111 1645 1119 —-

247 1156 301 1190 De
324 1154 428 1189 simul
451 1152 630 1198 particula
654 1153 792 1199 egimus
816 1154 861 1188 ad
884 1154 960 1188 Cat.
985 1154 1082 1196 XIX,
1105 1154 1139 1189 2.
1162 1175 1209 1181 —
1244 1154 1418 1201 Persequi,
1442 1153 1534 1198 quod
1558 1153 1645 1188 eor-

247 1215 317 1267 tius
341 1226 423 1249 cum
447 1213 527 1248 aliis
553 1215 630 1249 vult
653 1227 719 1260 pro
753 1216 927 1260 gei-undio
951 1216 1181 1261 persequendi
1209 1215 1362 1261 positum
1392 1226 1490 1260 esse,
1521 1215 1648 1260 pendet

247 1289 290 1312 ex
311 1268 516 1311 'coniunctis
548 1275 666 1310 verbis
699 1277 854 1311 demeres
884 1276 1125 1310 necessitatem
1147 1276 1172 1310 i.
1196 1287 1227 1310 e.
1250 1289 1320 1311 non
1349 1288 1518 1323 cogerem
1541 1288 1576 1312 v.
1601 1277 1647 1312 ad

247 1337 325 1372 cat.
351 1337 466 1379 XXX,
492 1335 527 1370 5.
551 1348 586 1382 p.
608 1336 690 1371 139.
715 1337 793 1383 lug.
821 1337 1017 1379 LXXXIX,
1038 1335 1073 1371 3.

340 1401 374 1442 §.
399 1396 434 1432 6.
482 1397 556 1432 ium
580 1409 604 1432 a
622 1396 819 1443 principio]
864 1398 904 1432 ln
935 1397 1112 1442 plerisque
1142 1396 1243 1431 codd.
1275 1386 1310 1432 e't
1341 1397 1420 1432 edd.
1442 1399 1520 1442 post
1545 1397 1645 1442 prin-

248 1459 337 1505 cipio
368 1457 534 1493 adiicitur
566 1468 636 1492 vox
663 1450 781 1503 inopi,
815 1468 922 1502 quam
952 1469 1022 1492 nou
1052 1457 1290 1492 dubitavimus
1313 1461 1482 1502 tauquam
1507 1462 1646 1503 turpem

247 1518 533 1566 depravationem
566 1518 715 1562 eiicere,
747 1518 909 1563 quamvis
937 1518 1150 1555 Gerlachius
1183 1518 1220 1553 in
1257 1519 1467 1554 Commeutt.
1501 1531 1536 1564 p.
1561 1519 1647 1554 829.

247 1585 401 1623 tueatur,
425 1579 487 1625 qui
510 1579 662 1614 mirilico
684 1579 847 1614 acumine
871 1580 1001 1625 „inopi
1022 1579 1154 1625 inquit,
1177 1591 1250 1624 quo
1272 1579 1498 1623 insolentius,
1522 1591 1565 1615 eo
1585 1591 1649 1614 ve-

246 1642 345 1677 rius“
359 1641 394 1675 !?
442 1640 514 1676 Sed
538 1639 614 1674 veri
636 1651 706 1675 non
730 1651 841 1684 capax
863 1641 905 1674 V.
928 1641 975 1675 D.
998 1651 1068 1675 non
1090 1641 1263 1687 cogitavit
1285 1641 1441 1687 ineptum
1465 1653 1549 1683 esse,
1572 1642 1647 1676 ino-

244 1715 326 1749 pem
349 1702 522 1748 populum
544 1712 660 1737 servos
682 1713 871 1746 quaerere,
910 1702 969 1737 eui
1002 1705 1147 1747 propter
1177 1713 1234 1736 res
1268 1707 1436 1748 augustas
1458 1702 1518 1737 vix
1540 1702 1648 1737 amici
1710 1734 1713 1738 ,

246 1764 335 1807 sint3
371 1763 530 1808 ineptum
565 1762 696 1804 etiam,
723 1762 863 1798 Sullam
892 1762 1221 1810 magniloquentiae
1243 1764 1429 1799 Romanae
1450 1764 1538 1798 adeo
1561 1762 1648 1798 obli-

248 1830 324 1862 tum
349 1837 436 1868 esso,
459 1828 500 1859 ut
521 1824 687 1866 Boccho,
721 1835 828 1868 quem
850 1825 909 1859 vel
935 1823 1089 1860 maxime
1111 1823 1277 1869 opinione
1298 1825 1484 1860 Romame
1506 1823 1647 1870 magni-

247 1884 379 1922 tudinis
410 1888 446 1921 et
479 1884 656 1931 potentiae
687 1884 835 1928 implere
863 1885 998 1927 studet,
1028 1886 1165 1930 inopem
1188 1884 1298 1920 fuisse
1318 1885 1489 1931 populum
1511 1885 1646 1919 Roma—

248 1959 333 1982 uum
357 1948 487 1981 narret.
533 1947 724 1982 Praeterea
747 1957 855 1990 quum
884 1946 984 1991 inopi
1007 1945 1203 1981 arctissimo
1231 1957 1322 1981 nexu
1345 1949 1445 1982 meat
1464 1957 1546 1981 cum
1567 1957 1648 1980 ver-

249 2009 303 2044 bis
326 2009 400 2044 iam
425 2020 449 2043 a
470 2009 664 2060 pincipio,v
684 2019 729 2042 ne
753 2007 908 2045 eflicitur
931 2007 1072 2052 quidem
1095 2020 1160 2053 ea,
1193 2020 1301 2053 quam
1325 2007 1535 2043 Gerlachius
1557 2007 1647 2050 vult,

247 2070 431 2121 sententia,
460 2070 542 2104 olim
566 2073 702 2104 tautum
726 2069 864 2114 inopem
881 2069 995 2113 suisne
1028 2069 1199 2114 populum
1232 2070 1457 2112 Romanum3
1488 2068 1548 2102 sed
1578 2068 1648 2102 hoc

250 2131 390 2173 (licitur,
424 2135 471 2166 et
502 2131 609 2165 olim
635 2130 770 2174 fuisse,
809 2135 856 2165 et
891 2130 1139 2166 etiamtum
1171 2141 1248 2164 esse
1282 2130 1418 2176 inopem
1456 2128 1510 2174 (v.
1541 2128 1587 2164 ad
1615 2139 1646 2163 c.

249 2193 380 2236 XXlX,
402 2192 438 2227 2.
462 2204 497 2237 p.
521 2191 591 2227 164
613 2191 698 2236 sq.)‚
729 2190 823 2235 quod
855 2190 961 2235 longe
983 2193 1036 2225 est
1057 2190 1326 2236 ineptissimum.
1372 2191 1492 2236 Quare
1513 2194 1647 2224 certum

249 2257 303 2288 est
335 2264 458 2288 veram
488 2253 677 2288 lectionem
708 2251 878 2286 exhibere
909 2262 971 2286 eos
1002 2252 1161 2296 codices,
1194 2251 1231 2286 iu
1263 2251 1390 2296 quibus
1413 2251 1509 2296 inopi
1532 2251 1648 2291 deest;

249 2318 331 2350 suut
355 2319 474 2350 autem
498 2313 552 2357 hi,
575 2313 695 2350 Guelf.
720 2314 752 2348 1.
778 2313 814 2348 3.
838 2311 874 2346 4.
898 2312 1005 2347 Fabr.
1029 2313 1081 2355 2.,
1113 2314 1249 2358 aliquot
1274 2311 1438 2354 Manuffi,
1471 2311 1586 2346 Palat.
1609 2308 1646 2346 4.

180 2372 181 2376 ’
250 2375 413 2410 Atondel.
439 2375 530 2409 Tur.
554 2376 588 2409 1.
613 2375 749 2417 Gmerl.⁹
773 2377 941 2419 quattuor
963 2386 985 2410 a
1008 2374 1185 2420 Sellingio
1207 2373 1331 2409 collati
1356 2373 1412 2418 (v.
1437 2371 1511 2407 eius
1531 2371 1644 2406 Lecti.

250 2436 340 2472 Sall.
365 2448 399 2481 p.
421 2435 511 2480 34),
535 2440 571 2471 et
595 2435 712 2474 Paris.
734 2448 765 2471 z.
787 2447 810 2471 a
834 2447 882 2469 m.
905 2447 959 2480 pr.
1007 2435 1084 2470 Nisi
1108 2439 1226 2471 autem
1249 2438 1380 2470 statuas
1405 2432 1500 2476 inopi
1521 2431 1566 2466 ab
1592 2430 1645 2464 in-
1713 2423 1716 2427 ⁴

250 2497 346 2532 sulso
368 2497 513 2531 bomine
536 2497 572 2530 in
594 2497 762 2532 Sallustii
783 2497 895 2531 verba
918 2507 993 2531 esse
1015 2497 1179 2539 illatum,
1203 2493 1419 2541 probabilius
1442 2490 1580 2531 videtur
1603 2503 1646 2526 ex
1709 2493 1714 2498 '

252 2558 348 2593 male
367 2557 523 2603 repetitis
541 2557 691 2603 syllabis
710 2557 949 2603 praecedentis
967 2558 1134 2592 vocabuli
1153 2555 1388 2603 principio
1413 2555 1530 2588 ortum
1557 2563 1645 2592 esso,

252 2622 292 2654 ut
309 2619 429 2653 Faber
450 2621 578 2659 censet,
600 2628 706 2662 quam
727 2630 769 2652 ex
787 2618 913 2663 imperi
935 2617 1120 2660 vocabulo,
1143 2617 1236 2662 quod
1251 2613 1443 2660 Sellingius
1466 2614 1492 2648 l.
1516 2613 1540 2649 Ι.
1563 2623 1646 2648 can-

252 2679 328 2714 iicit
365 2690 389 2715 a
426 2678 583 2714 librariis
622 2678 780 2714 additum
818 2677 1095 2723 compendioque
1129 2677 1218 2723 impi
1253 2676 1421 2721 scriptum
1460 2673 1568 2709 facile
1608 2672 1645 2708 in
1708 2678 1712 2683 '

252 2740 348 2785 inopi
379 2739 530 2782 abiisse3
568 2751 659 2785 qnae
688 2740 907 2781 coniectura,
939 2748 1156 2782 quamquam
1186 2738 1290 2772 valde
1312 2739 1427 2778 acuta,
1459 2738 1576 2770 nmen
1600 2744 1644 2768 no

252 2801 401 2835 minimo
419 2800 566 2845 quidem
589 2799 688 2836 codd.
712 2799 847 2835 auxilio
870 2803 1095 2835 sustentatur.
1143 2800 1328 2842 Utcunque
1349 2800 1403 2832 est
1423 2795 1555 2853 igitur,
1591 2798 1644 2829 to-
