1716 2996
263 202 349 244 532
636 197 681 240 c
711 183 1036 241 SALLU'STI
1064 197 1287 254 cnlsm

263 321 408 361 matus
442 315 753 373 intentusque,
796 313 906 359 item
941 315 1102 361 milites
1139 316 1360 376 cogebat3
1401 332 1549 378 neque
1585 336 1657 365 se·

266 429 359 473 cus,
396 419 532 472 atque
567 412 652 457 iter
687 410 865 468 facere,
900 409 1047 457 castra
1093 414 1290 473 munire,
1325 415 1580 465 excubitum
1613 419 1660 462 in

265 516 399 571 porta
447 508 646 554 cohortis
701 522 756 555 ex
802 509 1079 570 legionibus,
1140 526 1226 571 pro
1284 512 1437 557 castris
1485 515 1657 573 equites

266 671 296 696 c.
320 657 379 701 25,
403 657 461 693 62.
501 659 565 693 Sin
587 659 742 702 emimus,
766 669 867 704 quem
891 658 1044 694 villicum
1066 659 1328 705 imponeremus.
1354 662 1431 698 Liv.
1456 664 1514 706 Vl,
1527 662 1587 706 18,
1603 664 1659 700 13.

271 721 407 757 Minore
430 720 594 765 negotio,
618 720 678 765 qui
701 720 845 765 imperet
867 721 1047 765 patribus,
1071 722 1350 767 imponetis,
1371 736 1474 770 quam
1488 750 1500 768 ‚
1523 726 1583 770 qui
1604 737 1660 760 re-

264 782 424 816 sisterent
447 782 699 825 imperantibus
723 782 1032 826 imposuistis.
1066 783 1185 827 xm,
1208 783 1267 827 41,
1293 784 1350 819 14.
1399 781 1661 832 Euphranorem

261 845 484 888 praefectum
508 852 533 875 α
556 853 611 877 me
646 843 914 888 impositum
938 843 1148 879 occiderunt.
1194 846 1250 880 De
1275 846 1436 881 absoluto
1459 847 1661 890 verborum,

263 915 354 947 quae
380 903 540 938 dativum
563 907 710 949 regunt,
734 914 798 938 usu
822 914 856 939 v.
879 903 987 938 etiam
1011 905 1056 939 ad
1081 917 1112 942 c.
1134 906 1163 950 1,
1191 905 1226 941 3.
1251 909 1287 941 et
1309 907 1401 949 XIV,
1425 907 1480 943 19.
1506 928 1548 934 —
1586 909 1659 943 Me-

264 964 372 999 ventis
404 976 474 1015 nqn
506 967 558 999 est
586 965 726 1007 noxios,
757 964 818 998 sed
842 964 887 998 ad
912 969 1099 1010 utrumque
1133 968 1281 1001 verbum
1303 971 1462 1011 spectans
1483 966 1660 1012 significat

215 1068 222 1075 .
261 1037 343 1070 pro
378 1026 550 1061 merito
581 1036 806 1071 quemque
847 1031 910 1060 aut
950 1027 1132 1062 laudatum
1164 1038 1238 1063 esse
1271 1032 1335 1062 aut
1365 1027 1589 1073 increpitum,
1622 1033 1661 1063 ut

263 1086 337 1120 iam
361 1085 491 1120 Rivius
515 1091 611 1120 recte
637 1085 735 1122 vidit.

355 1148 387 1190 §.
411 1146 446 1181 4.
495 1147 578 1180 item
601 1165 646 1171 -
671 1147 844 1192 cogebat]
876 1147 931 1182 De
956 1148 990 1183 vi
1025 1152 1059 1184 et
1085 1160 1151 1184 usu
1173 1150 1258 1185 item
1281 1148 1473 1194 particulae
1493 1158 1527 1182 v.
1552 1159 1660 1182 auno-

261 1210 336 1243 tnta
359 1207 404 1242 ad
428 1206 532 1242 Catil.
568 1219 598 1242 c.
622 1206 772 1249 xxvu,
797 1207 829 1241 2.
879 1208 973 1243 Miro
1006 1213 1125 1244 autem
1147 1209 1309 1245 acumine
1341 1205 1551 1248 Gerlachius
1572 1218 1658 1251 sup-

262 1268 430 1314 plendum
454 1271 569 1302 censet
604 1273 815 1302 armatum
848 1264 1125 1315 interdumque.-
1167 1270 1265 1304 Idem
1298 1266 1339 1303 V.
1363 1270 1409 1305 D.
1433 1268 1573 1303 aniliter
1594 1269 1660 1302 ad-

260 1330 405 1365 modum
436 1329 591 1375 nugatur
622 1329 666 1363 de
688 1328 807 1363 verbis
845 1334 983 1374 atque
1009 1331 1076 1364 iter
1091 1333 1283 1375 facere,
1308 1341 1399 1375 quae
1423 1334 1462 1364 ut
1485 1329 1593 1364 etiam
1616 1329 1660 1363 ti-

261 1403 364 1427 rones
388 1388 588 1435 intelligere
620 1395 758 1433 possent
793 1389 867 1424 iam
899 1391 1080 1434 provisum
1114 1395 1166 1426 est
1198 1403 1220 1427 a
1254 1391 1394 1434 Cottio,
1429 1391 1661 1435 explicatione

261 1452 402 1498 prodita
426 1451 575 1495 „eadem
599 1462 685 1484 cura
710 1449 900 1496 eademque
936 1453 1117 1496 cautione,
1149 1462 1219 1496 qua
1249 1451 1317 1487 iter
1341 1443 1520 1496 feciebnt,
1553 1450 1658 1486 etiam

261 1518 377 1549 castra
401 1511 615 1558 muniebat.“
663 1512 703 1546 lu
725 1515 799 1546 tam
831 1512 1007 1556 frequenti
1029 1512 1123 1547 enim
1146 1523 1213 1547 usu
1241 1513 1407 1557 infinitivi
1426 1511 1582 1547 historici
1605 1511 1657 1556 (v.

259 1575 390 1620 Indic.)
421 1572 516 1618 apud
553 1572 783 1616 Sallustium,
813 1584 917 1607 nemo
952 1584 995 1608 ex
1023 1573 1142 1608 verbis
1164 1586 1233 1608 mm
1255 1584 1352 1608 secus
1382 1577 1488 1618 atque
1509 1572 1660 1618 pendere

259 1638 353 1672 hanc
377 1636 530 1671 formam
554 1633 764 1677 mirabitur,
787 1634 847 1678 qui
871 1636 1088 1680 reputaverit
1112 1639 1293 1670 auctorem
1315 1622 1473 1680 priorem
1494 1633 1657 1668 cumicia—

259 1697 390 1733 tionem
414 1707 483 1730 non
507 1694 671 1730 extulisse
701 1694 966 1730 subordinatum
989 1696 1113 1739 alteri,
1147 1699 1185 1730 ut
1206 1694 1436 1741 grammatici
1459 1696 1659 1739 loquuntur,

260 1758 321 1794 sed
345 1758 601 1799 mordinatam,
623 1768 663 1791 re
686 1756 765 1801 ipsa
788 1761 970 1799 moneam
995 1745 1078 1792 nam
1102 1754 1331 1801 profectionis
1363 1755 1399 1790 in
1426 1755 1576 1791 hiberna
1599 1766 1659 1790 ae-

261 1831 331 1865 que
354 1830 436 1864 pars
459 1818 529 1853 fuit
553 1819 622 1854 iter
647 1820 772 1862 facere
788 1844 799 1862 ,
833 1822 938 1862 atque
961 1824 1076 1853 castra
1114 1816 1277 1861 (cotidie)
1307 1817 1466 1858 munit-e,-
1489 1817 1533 1851 cr.
1559 1817 1602 1851 ad
1626 1828 1656 1850 c.

258 1881 386 1925 XCIX,
412 1881 446 1915 1.
495 1881 616 1926 Quare
644 1879 675 1914 si
708 1879 852 1915 dixisset
881 1880 1038 1916 eodem
1079 1878 1204 1914 modo
1245 1882 1280 1912 et
1311 1878 1378 1913 iter
1403 1880 1588 1922 facere,
1623 1882 1657 1911 et

260 1947 380 1977 castra
413 1940 614 1982 munire,
645 1941 724 1985 quis
756 1940 981 1975 insolentiam
1010 1939 1147 1974 dicendi
1178 1937 1409 1983 quereretur?
1442 1937 1514 1973 Sed
1549 1936 1586 1972 in
1617 1948 1658 1971 re

260 2002 456 2038 clarissima
492 2001 554 2036 alii
589 2001 692 2037 aliter
724 2002 842 2036 locum
874 2004 1118 2046 corruperunt.
1164 2001 1284 2045 Inepte
1314 1999 1470 2034 enimin
1492 1998 1598 2034 Fabr.
1622 1998 1657 2033 1.

257 2062 330 2098 Ine.
356 2063 392 2097 1.
412 2061 535 2097 vitiat.
562 2063 598 2098 2.
635 2063 783 2108 Berger.
819 2062 938 2096 Struv.
971 2061 1112 2097 Vratisl.
1136 2061 1169 2096 l.
1195 2061 1230 2096 2.
1262 2056 1412 2096 Eccard.
1446 2059 1565 2096 Guelf.
1596 2058 1655 2093 10.

259 2123 318 2158 12.
343 2123 430 2159 Tur.
458 2120 492 2159 1.
515 2123 599 2158 Bas.
624 2123 658 2160 4.
683 2124 788 2158 Bern.
813 2124 848 2158 1.
871 2122 906 2158 3.
930 2122 1026 2158 Leid.
1048 2123 1075 2157 1.
1103 2122 1216 2166 Paris.
1236 2122 1279 2157 B.
1298 2123 1340 2157 E.
1363 2121 1539 2156 nonnullis
1560 2118 1655 2154 Gru·
1700 2126 1702 2130 “

259 2185 325 2220 teri
349 2189 384 2220 et
405 2183 560 2226 Wassii,
593 2181 712 2219 Berol.
735 2182 771 2218 2.
795 2183 900 2218 Misu.
927 2186 964 2218 et
987 2183 1132 2219 Goerlit.
1160 2183 1294 2229 legitur
1317 2188 1422 2229 atque
1443 2182 1511 2217 iter
1526 2183 1655 2226 sace—

258 2251 339 2280 ret.
397 2244 509 2291 Quasi
549 2256 634 2280 vero
675 2249 792 2279 castra
830 2256 899 2278 non
935 2245 972 2278 in
1008 2245 1134 2280 itinere
1156 2244 1323 2291 faciendo
1356 2242 1494 2278 munita
1522 2241 1655 2277 essent!

257 2306 415 2351 Ineptias
441 2306 621 2351 Bipoutini
654 2315 698 2340 ex
728 2304 927 2340 coniectura
955 2305 1123 2356 dederunt
1153 2315 1263 2352 neque
1290 2311 1386 2339 secus
1408 2309 1513 2349 atque
1536 2304 1564 2338 ii
1586 2304 1651 2346 (sc.

257 2365 408 2412 milites)
441 2367 507 2403 iter
539 2370 665 2412 facere
683 2392 692 2410 ‚
727 2367 794 2411 (sc.
837 2366 1002 2411 pedibus)
1035 2367 1112 2401 colo
1144 2370 1221 2411 post
1250 2368 1374 2410 Iacere
1409 2364 1533 2411 posito.
1581 2363 1651 2397 Sed
1713 2408 1716 2414 1

257 2424 365 2473 longe
403 2427 618 2474 ineptissime
646 2412 801 2462 Weisius
834 2432 996 2470 turpem,
1030 2438 1100 2470 qna
1120 2426 1295 2462 vilissima
1326 2426 1381 2461 ed.
1406 2424 1542 2472 Gryph.
1567 2423 1650 2457 min.

262 2485 405 2523 foedata
434 2493 505 2528 est,
538 2489 695 2534 glossam
732 2486 849 2522 intulit
877 2498 988 2532 neque
1011 2499 1128 2530 secus,
1162 2494 1297 2533 atque
1326 2487 1368 2520 σι’
1395 2485 1550 2520 hostes
1574 2485 1651 2517 ad-

261 2553 436 2591 essent,
467 2548 535 2583 iter
566 2552 708 2590 facere3
743 2554 862 2583 castra
894 2549 1052 2590 munire,
1091 2558 1179 2592 quas
1217 2545 1459 2591 perversitates
1488 2545 1652 2579 refellere

258 2621 328 2644 nou
355 2608 489 2644 attinet.
515 2615 558 2634 ⁵-
590 2609 631 2642 11·
653 2613 775 2653 porta,
815 2609 906 2653 quod
937 2619 1048 2653 paene
1077 2618 1196 2642 omnes
1226 2606 1324 2641 codd.
1356 2608 1491 2648 tenent,
1525 2605 1650 2639 Gerla-

259 2668 360 2705 chine
390 2673 486 2705 reete
514 2668 704 2704 revocavit.
754 2669 850 2703 Olim
873 2668 966 2702 enim
990 2668 1157 2703 edebatur
1179 2668 1216 2703 in
1235 2666 1373 2712 portis‘,
1403 2665 1496 2711 quod
1522 2665 1559 2700 in
1582 2676 1651 2700 uno
1707 2677 1710 2682 ·

260 2730 379 2766 Guelf.
411 2729 445 2766 ⁷.
480 2733 609 2774 exstat,
628 2717 751 2772 ¹neque
788 2729 897 2763 aliam
929 2729 974 2762 ob
1005 2739 1162 2762 caussam
1193 2728 1389 2772 praelatum
1420 2726 1510 2769 fuit,
1541 2736 1648 2771 quum

258 2790 350 2833 quod
372 2789 443 2827 VV.
469 2789 548 2824 m).
569 2789 741 2845 pluralem
761 2788 994 2847 necessarium
1019 2792 1196 2832 putarent.
1243 2787 1313 2822 Sed
1333 2792 1439 2831 porta
1465 2785 1648 2823 collective
