1716 2996
251 122 310 165 22
862 123 1037 170 INDEX

255 230 447 270 Concursus
468 235 504 269 et
525 247 728 283 congressus
750 238 907 281 confusa,
929 240 959 277 l.
980 238 1040 283 74,
1061 238 1099 276 3.

256 292 421 327 Condicio
444 292 679 335 scribendum.
702 308 771 331 non
795 298 961 342 conditio,
987 299 1027 333 C.
1045 297 1104 344 29,
1127 297 1163 333 4.

256 350 422 384 Condicio
446 350 470 385 ἰ.
494 362 528 396 q.
551 352 685 397 negotii
706 353 859 389 alicuius
881 355 1182 399 conficiendixvin,
1207 355 1237 393 Ῐ.
1261 356 1320 402 79,
1343 358 1380 395 8.

257 407 421 442 Condicio
444 413 613 452 tanquam
636 409 833 446 coniunctio
858 413 1010 458 cogitari
1030 418 1154 459 potest,
1177 415 1204 449 1.
1228 415 1288 461 86,
1310 415 1348 452 3.

257 466 522 501 Condicionibus
544 466 678 501 bellum
700 480 841 512 ponere,
865 471 950 514 quid
972 471 1034 513 sit,
1059 472 1086 506 1.
1110 473 1191 515 112,
1215 473 1270 522 l.¹

257 522 523 559 condicionales
549 524 807 562 enunciationem
831 527 907 561 sine
928 529 961 563 si
978 528 1176 573 particula,
1201 531 1228 566 1.
1254 522 1313 573 64,
1335 530 1372 569 5.

258 579 517 616 Condicionalis
547 583 744 618 enunciatio
768 585 900 621 omissa
920 585 959 624 in
982 586 1171 623 bimembri
1195 590 1377 634 oratione,
1407 588 1470 626 ubi
1493 591 1648 637 seqnitur

347 638 403 672 sin
425 638 484 673 vel
507 639 539 674 si
559 652 644 684 non,
665 641 691 675 1·.
715 639 775 684 35,
798 641 834 677 4.

261 695 467 743 condonare
490 696 600 732 alicui
626 699 772 744 aliquid,
794 699 854 734 vel
878 700 1045 745 aliquem,
1070 703 1218 748 exffic„
1252 705 1290 739 C.
1313 704 1373 749 52,
1395 706 1433 744 8.
1476 707 1507 744 1.
1532 707 1591 754 27,
1612 709 1649 744 2.

262 741 469 789 condonare
490 767 527 790 se
550 757 690 792 alicui‘
679 770 702 792 ι.
727 770 761 802 q.
785 758 968 793 victimam
991 771 1028 794 se
1051 762 1231 806 praebere,
1253 762 1282 797 1.
1305 762 1365 808 79,
1379 763 1415 800 9.

264 812 451 855 Confectus
477 816 512 847 et
534 813 683 857 infectus
706 817 863 860 confusa,
887 818 1018 861 1.1⁰4‚
1042 819 1076 854 1.

265 869 481 914 Confirmare
495 872 680 916 aliquem
667 885 694 908 1.
717 885 751 918 q.
775 875 922 909 dubium
944 887 1160 920 permonere,
1181 877 1211 914 1.
1235 877 1293 923 23,
1311 879 1348 915 2.

266 926 479 971 Congresm
501 932 536 964 et
559 941 741 966 concursus
765 933 923 977 confusa,
948 935 975 968 1.
999 933 1057 976 74,
1073 934 1107 972 3.

266 983 476 1030 Coniugium
499 997 562 1031 pro
585 999 692 1024 uxore
714 989 859 1035 dictum,
885 991 924 1025 C.
948 990 1006 1032 14,
1023 992 1064 1026 1.

268 1042 488 1079 Coniunctivi
508 1055 622 1089 praes.
646 1047 777 1091 passivi
801 1059 869 1082 sec.
895 1060 1046 1093 persona
1067 1049 1103 1083 iu
1125 1062 1211 1086 —re
1231 1050 1361 1095 exiens,
1385 1051 1424 1087 C.
1447 1049 1506 1096 58,
1528 1052 1564 1090 2.

268 1098 489 1136 Coniunctivi
513 1102 567 1137 vis
591 1105 745 1149 propria,
769 1107 808 1141 C.
831 1106 866 1149 4,
889 1104 925 1144 5.

269 1156 514 1202 Coniunctivus
536 1162 686 1205 pendens
709 1175 751 1198 ex
774 1165 920 1199 vocibus
944 1170 1022 1200 sunt
1045 1165 1116 1211 qui,
1140 1166 1179 1202 C.
1205 1165 1265 1208 19,
1286 1165 1322 1202 4.

270 1215 516 1252 Coniunctivus
538 1220 689 1262 pendens
712 1233 754 1255 ex
776 1222 893 1256 verbis
910 1224 1029 1267 potius
1051 1235 1165 1267 quam,
1188 1225 1216 1259 1.
1241 1224 1322 1268 106,
1345 1224 1381 1261 3.

271 1271 515 1309 coniunctium
537 1276 689 1320 pendens
711 1290 753 1312 ex
775 1279 892 1313 verbis
915 1280 1162 1324 praecipiendi,
1188 1282 1227 1318 C.
1252 1282 1310 1324 29,
1338 1283 1372 1318 2.
1419 1283 1449 1318 I.
1471 1282 1530 1326 28,
1554 1283 1590 1319 1.

270 1327 514 1366 Coniunctious
536 1344 579 1367 ex
606 1336 687 1380 quin
711 1340 827 1381 aptus,
848 1337 876 1372 1.
899 1337 957 1380 98,
979 1337 1014 1377 6.

273 1386 521 1423 Coniunctivus
542 1393 735 1435 praesentis
757 1399 818 1429 aut
841 1396 933 1439 perf.
956 1395 993 1428 vi
1016 1394 1225 1429 concedendi
1249 1396 1399 1440 positus,
1423 1397 1556 1441 1.110‚
1579 1398 1615 1434 3.

275 1444 521 1482 Coniunctious
542 1449 689 1492 perfecti
711 1450 748 1485 vi
770 1450 972 1496 imperativi
995 1452 1145 1497 positus,
1166 1452 1195 1489 1,
1216 1452 1298 1495 110,
1318 1452 1354 1489 4.

275 1502 523 1541 Coniunctivus
547 1507 692 1551 perfecti
717 1509 842 1544 vitiose
863 1509 997 1555 positus
1023 1521 1087 1554 pro
1109 1510 1302 1546 indicativo
1304 1513 1595 1574 plusquampers.
1619 1526 1663 1550 ex

369 1564 462 1608 quod
484 1548 666 1611 pendente,
690 1566 730 1602 C.
755 1568 811 1612 18,
839 1566 875 1603 3.
922 1569 951 1604 1
973 1567 1090 1609 39,1.

277 1614 524 1658 Coniunctivus
544 1624 645 1658 verbi
666 1636 739 1661 esse
761 1626 922 1669 omissus,
946 1627 974 1663 1.
997 1626 1055 1668 88,
1077 1624 1112 1661 5.

278 1677 534 1714 Conscientia*
521 1691 545 1715 ι.
574 1693 607 1726 q.
631 1685 728 1719 mala
753 1685 972 1727 conscientia,
995 1685 1022 1719 1.
1047 1682 1105 1725 85,
1129 1683 1189 1721 26.

276 1735 441 1772 Conscius
461 1749 544 1773 cum
567 1739 686 1776 dativo
707 1728 876 1786 personae
897 1743 1130 1781 coniunctum,
1154 1742 1193 1776 C.
1218 1741 1277 1785 22,
1299 1741 1335 1781 2.

280 1793 443 1829 Conscius
465 1799 500 1831 et
524 1798 732 1836 conscientia
754 1801 798 1835 de
820 1801 941 1844 aliqua
962 1811 1013 1842 re,
1037 1800 1075 1834 C.
1099 1796 1158 1842 35,
1183 1798 1218 1834 2.

281 1851 458 1888 Conscribi
480 1854 541 1898 qui
563 1856 708 1901 proprie
729 1857 901 1902 dicantur,
926 1858 964 1892 C.
981 1855 1040 1899 59,
1062 1855 1098 1891 5.

282 1909 469 1946 Considere
492 1912 535 1947 de
559 1915 725 1958 exercitu,
748 1915 774 1951 i.
795 1928 829 1961 q.
858 1919 975 1950 castra
998 1925 1138 1959 ponere,
1162 1914 1201 1949 C.
1225 1893 1283 1956 57,
1308 1911 1346 1950 3.

283 1967 472 2005 Consilium
495 1971 672 2007 diversum
694 1983 717 2008 a
740 1973 893 2015 concilio,
920 1973 959 2007 C.
983 1970 1043 2015 42,
1065 1971 1101 2008 2.
1147 1973 1177 2007 1.
1200 1972 1259 2018 29,
1282 1970 1320 2007 5

284 2025 473 2063 Consilium
495 2031 661 2073 militare,
684 2031 711 2066 1.
735 2031 794 2076 29,
816 2030 852 2068 5.
898 2030 958 2074 62,
978 2028 1014 2066 5·

284 2083 438 2120 Consilia
457 2088 632 2124 militaria
653 2100 696 2124 ex
718 2101 816 2125 more
838 2090 1084 2125 Romanorum
1104 2087 1340 2130 habebantur,
1361 2085 1392 2122 1.
1415 2085 1474 2132 (12,
1497 2085 1534 2125 5ae

286 2141 474 2180 Consilium
497 2152 570 2188 est,
591 2152 661 2189 ut,
684 2148 712 2184 Ῑ.
736 2146 795 2191 85,
821 2147 857 2187 8·

288 2199 482 2237 Consistere
502 2215 571 2239 non
593 2204 688 2240 idem
710 2207 807 2241 valet
829 2205 923 2250 quod
947 2204 1165 2246 constituere,
1189 2195 1219 2237 Ῐ-
1241 2200 1301 2244 492
1324 2198 1360 2237 5·

288 2257 435 2295 Constat
457 2260 481 2295 i.
508 2273 543 2306 q.
566 2267 700 2298 certum
721 2267 784 2307 est,
809 2265 835 2299 1.
858 2263 918 2308 30,
943 2263 977 2301 1.

289 2314 504 2354 Constituere
527 2320 552 2357 i.
574 2332 609 2364 q.
633 2321 859 2364 confirmare,
882 2322 911 2356 Ι.
935 2321 994 2363 31,
1017 2319 1073 2362 17,

289 2371 506 2412 Constituere
528 2378 688 2413 absolute
714 2379 848 2414 dictum
871 2378 896 2413 i.
922 2390 956 2423 q.
981 2375 1123 2422 pacisci,
1142 2375 1172 2412 Ῑ·
1195 2374 1254 2418 66,
1276 2374 1313 2410 2·

289 2429 496 2468 Construere
518 2436 690 2479 peculim-i
710 2448 813 2481 sensu
836 2435 861 2471 ἰ.
886 2447 920 2481 q.
943 2435 1136 2476 instituere,
1157 2435 1184 2473 ¹-
1208 2433 1267 2477 13»
1291 2433 1327 2467 1·

291 2487 508 2526 constructio
543 2494 669 2539 duplex·
701 2495 859 2530 eiusdem
884 2493 985 2529 verbi
1013 2492 1051 2527 ἰιι
1082 2493 1206 2526 eadem
1238 2487 1497 2533 enunciationo,
1519 2489 1559 2524 C.
1582 2486 1617 2532 5,
1638 2488 1675 2524 9.

380 2546 500 2590 33,1.
547 2550 695 2593 1.1,2.
742 2551 860 2595 25,.1
906 2548 1025 2592 29,5.
1069 2548 1178 2593 49,2
1223 2546 1282 2589 65
1306 2547 1340 2580 2

291 2602 514 2643 Constructio
530 2604 801 2650 ἄνακολούθως
821 2607 1145 2652 muta-a,1.4‚6
1193 2605 1250 2647 17
1274 2606 1308 2638 3·

293 2661 512 2700 Constructio
534 2666 726 2701 sententiae
748 2666 956 2702 bimembris
977 2665 1129 2706 variata,
1151 2664 1179 2698 1·
1198 2661 1235 2706 5,
1258 2661 1295 2699 4·
1342 2660 1379 2704 7,
1404 2660 1439 2696 l·
1486 2651 1593 2703 47²⁹
1569 2677 1605 2694 ⁶·

267 2762 271 2768 .
294 2720 513 2759 Consuetudo
540 2727 576 2760 et
598 2736 812 2761 consuescere
835 2725 872 2760 in
894 2735 934 2760 re
955 2723 1061 2768 turpi,
1084 2722 1124 2759 0·
1146 2720 1253 2766 23,3
1255 2746 1265 2756 ·
