1702 2982
227 189 310 229 loo
599 185 645 227 o.
678 153 1006 228 SALLUSTI
1035 184 1251 229 CRISPI

227 301 413 358 lentior,
459 301 708 363 Iugurthae
765 301 979 356 traditur-3
1028 301 1148 345 illam
1200 301 1412 358 alteram,
1463 303 1624 363 specie

224 413 361 456 quam
396 413 479 443 usu
510 399 752 459 potiorem,
783 415 900 459 quae
928 386 1184 460 poriuosior
1211 405 1256 443 et
1281 398 1494 444 aedificiis
1523 415 1617 444 ma-

223 495 293 556 gis
330 501 542 540 exornata
578 503 695 554 erat,
731 497 967 542 Adherbal
1001 496 1217 557 possedit.

362 592 501 637 XVII.
551 594 645 638 Res
673 595 902 655 postulare
931 593 1108 639 videtur
1138 593 1321 638 Africae
1347 593 1479 638 situm
1506 606 1623 653 pau-

223 674 286 734 cis
314 704 576 750 exponere,
614 696 658 734 et
681 707 754 736 eas
782 691 953 752 gentis,
997 691 1264 750 quibu-scum
1294 691 1422 737 nobis
1451 689 1623 734 bellum

189 785 309 831 2aut
344 786 538 831 amicitia
583 787 692 846 fuit,
736 789 968 850 attingere.
1039 788 1133 834 Sed
1175 804 1289 848 quae
1325 789 1425 833 loca
1460 793 1508 832 et
1540 801 1622 831 na-

221 950 336 994 XXX,
354 949 412 992 14,
435 949 470 984 9.
495 950 648 995 Herzog.
667 950 710 984 ad
736 951 836 985 Caes.
860 951 903 985 B.
922 951 967 986 G.
992 952 1021 994 1,
1043 951 1079 986 2.
1095 970 1140 975 —
1162 951 1268 985 Illam
1293 950 1339 984 ab
1362 949 1533 984 Sallustio
1557 949 1622 983 ad-

220 1010 333 1045 ditum
357 1021 453 1054 esse,
490 1011 574 1054 quia
597 1023 672 1045 rem
696 1011 895 1057 legentibus
917 1015 1040 1047 uotam
1064 1023 1139 1046 esse
1160 1014 1312 1053 statuat,
1347 1009 1432 1045 satis
1453 1008 1622 1054 probabi-

219 1071 301 1106 liter
332 1075 448 1106 censet
485 1072 718 1114 Gerlachius3
751 1073 812 1107 sed
845 1077 923 1108 tum
952 1077 1048 1108 recta
1078 1073 1217 1107 ratione
1250 1075 1365 1116 caret,
1401 1071 1492 1116 quod
1527 1070 1622 1105 idem

220 1133 340 1177 paullo
362 1136 443 1168 ante
457 1132 627 1177 praecipit
644 1134 702 1169 ille
721 1145 912 1179 pronomen
932 1134 1117 1179 aliquoties
1137 1133 1343 1167 redundare.
1392 1133 1480 1166 Cum
1503 1132 1622 1166 nostro

219 1194 299 1228 loco
324 1193 488 1228 convenit
519 1194 681 1229 laudatus
713 1206 734 1229 a
760 1195 951 1230 Gerlachio
976 1195 1050 1230 Cic.
1075 1195 1111 1230 in
1137 1194 1240 1230 Catil.
1265 1195 1323 1237 IV,
1347 1193 1382 1236 5,
1406 1194 1440 1229 9.
1469 1193 1500 1228 εἰ
1524 1193 1621 1228 eritis

219 1256 328 1290 secuti
349 1256 560 1290 sententiam
587 1256 624 1290 C.
650 1257 834 1299 Caesaris,
858 1259 1016 1301 sortasse
1048 1257 1162 1292 minus
1191 1261 1293 1291 erunt
1322 1255 1409 1290 mihi
1434 1255 1622 1301 populares

219 1318 369 1361 impetus
401 1318 669 1361 pertimescendi
679 1330 693 1358 ‚-
728 1318 793 1351 sim
824 1318 954 1352 illam
987 1319 1211 1359 alteram,
1252 1317 1365 1351 nescio
1398 1328 1446 1350 an
1469 1316 1620 1360 amplius

218 1377 306 1410 mihi
346 1376 483 1421 negotii
524 1379 764 1413 contrahatur.
801 1389 835 1412 v.
861 1378 970 1413 etiam
993 1379 1039 1414 ad
1061 1392 1093 1414 c.
1116 1379 1235 1422 XXV,
1259 1378 1293 1413 2.
1316 1397 1362 1403 --
1397 1377 1554 1422 Speciem
1585 1380 1619 1411 et

220 1449 319 1472 usum
346 1437 565 1482 contraponit
588 1439 696 1474 etiam
716 1439 832 1473 Plaut.
855 1439 961 1474 Most.
987 1440 1025 1482 1,
1049 1439 1093 1483 2,
1118 1439 1176 1474 42.
1209 1444 1250 1474 nt
1271 1440 1357 1474 etin
1385 1451 1512 1473 usum
1539 1438 1619 1473 boui

220 1503 255 1533 et
289 1499 325 1532 in
357 1509 409 1543 sp
421 1499 562 1533 eciem
591 1500 718 1545 populo
743 1500 823 1535 siut.
856 1501 953 1534 Flor.
977 1501 1047 1545 ΙΙΙ,
1071 1500 1130 1535 13.
1165 1505 1205 1535 ut
1226 1512 1295 1534 non
1317 1501 1354 1534 in
1381 1511 1532 1543 usum,
1563 1500 1616 1534 ita

220 1561 269 1594 ad
300 1560 438 1606 imperii
468 1560 662 1604 speciem
686 1571 824 1605 magna
849 1562 991 1595 nomina
1017 1562 1204 1606 acquisisse
1224 1562 1406 1606 pulchrum
1423 1566 1528 1607 atque
1556 1560 1618 1595 de·-

220 1633 349 1656 corum.
376 1622 488 1655 Con'r.
501 1621 730 1664 -Possedit,
753 1621 846 1663 quod
862 1621 923 1656 hic
938 1622 1092 1657 desendit
1107 1633 1130 1656 a
1149 1622 1300 1666 posside,
1324 1633 1358 1656 v.
1374 1622 1416 1656 F.
1441 1623 1484 1658 A.
1506 1621 1617 1657 Wolf.

216 1683 263 1718 ad
287 1683 379 1716 Tac.
405 1683 494 1716 Anu.
526 1683 579 1724 Il,
611 1681 652 1722 5,
677 1681 710 1716 3.
743 1682 877 1717 Hertel.
909 1683 955 1717 ad
989 1683 1112 1728 Agric.
1145 1695 1176 1719 c.
1209 1683 1347 1726 XVIII,
1371 1684 1468 1729 med.
1488 1695 1522 1728 p.
1543 1681 1616 1725 36„

217 1756 286 1779 non
309 1747 362 1778 est
385 1743 543 1788 accepit,
566 1745 604 1777 ut
633 1741 790 1786 Langius
810 1743 983 1786 explieat,
1004 1745 1065 1778 sed
1096 1744 1300 1789 occupavit3
1323 1745 1370 1781 cf.
1395 1744 1534 1788 XVIII,
1556 1737 1615 1778 11'.

217 1805 344 1839 Persae
369 1817 392 1838 a
413 1803 621 1849 parentibus
643 1803 796 1850 digressi
814 1805 996 1848 possedere
1021 1816 1066 1839 ea
1088 1805 1186 1846 loca,
1221 1815 1311 1849 quae
1333 1816 1502 1849 proxuma
1527 1804 1614 1838 Gar-

215 1866 402 1911 maginem
434 1864 607 1901 Numidia
640 1863 862 1908 appellemur,-
882 1855 976 1900 ’ῑιήιι
1011 1868 1044 1909 §-
1077 1865 1133 1900 12.
1166 1865 1333 1908 xnvm,
1365 1864 1400 1900 3.
1431 1868 1467 1901 et
1496 1865 1613 1901 Tacit.

217 1927 306 1961 Anu.
331 1926 438 1974 XIV,
462 1925 532 1970 21,
558 1926 592 1961 1.

312 2047 424 2083 xvn.
448 2050 482 2092 ς.
513 2048 547 2083 1.
567 2050 602 2083 et
622 2048 657 2085 2.
682 2049 752 2083 Res
773 2048 951 2093 postulare
973 2047 1112 2083 videtur
1130 2066 1174 2073 —
1189 2047 1371 2092 exponere]
1396 2045 1612 2092 Infinitivum

218 2119 260 2142 ex
283 2110 462 2153 postulare
488 2113 610 2153 aptum
633 2109 800 2146 Gerlach.
821 2119 886 2152 pro
909 2108 1047 2152 poetica
1070 2111 1245 2143 structura
1270 2108 1397 2150 habet,
1426 2107 1612 2142 immemor

218 2169 397 2214 praecepti
415 2169 492 2212 sui,
520 2156 564 2203 εὖ
581 2169 684 2204 Catil.
706 2170 748 2214 V,
766 2169 800 2206 4.
823 2170 1033 2204 Commeutt.
1051 2181 1085 2213 p.
1104 2168 1162 2203 44.
1182 2169 1371 2214 propositi,
1404 2168 1611 2204 Sallustium

218 2230 362 2274 poeticis
384 2230 566 2266 structuris
590 2242 732 2275 prorsus
755 2230 942 2265 abstinere.
997 2230 1078 2274 Qua
1099 2229 1236 2264 ratione
1257 2233 1336 2275 post
1359 2229 1467 2265 verba
1489 2229 1610 2264 voluu-

217 2290 297 2324 tatis
321 2295 383 2326 aut
402 2291 544 2325 consilii
568 2291 761 2326 infinitivus
786 2291 887 2326 nobis
907 2290 1049 2335 quidem
1080 2291 1216 2336 positus
1247 2290 1429 2332 videatur,
1459 2289 1610 2325 diximus

216 2351 261 2384 nd
288 2351 366 2386 Cat.
391 2352 468 2393 LII,
493 2352 552 2387 24.
579 2364 612 2397 p.
630 2352 711 2388 273.
735 2353 783 2388 cf.
807 2353 884 2398 lug.
915 2352 1013 2395 XIX,
1040 2351 1075 2387 2.
1100 2353 1170 2386 alio
1191 2362 1449 2397 properare
1474 2355 1610 2395 tempus

217 2415 343 2446 monet.
371 2411 488 2447 Tacit.
513 2414 602 2448 Anu.
627 2415 695 2456 vl,
722 2413 791 2456 45,
814 2413 848 2448 4.
896 2414 1018 2449 Macro
1040 2410 1293 2458 impulerat
1316 2411 1467 2446 Enniam
1490 2421 1610 2446 amore

218 2472 376 2507 iuvenem
401 2473 507 2507 illie
518 2486 598 2511 ere.
622 2476 693 2516 XI,
721 2475 787 2515 29,
811 2477 896 2508 extr.
932 2473 1119 2508 Narcissus
1143 2475 1233 2508 duas
1263 2472 1403 2517 pellices
1430 2482 1607 2516 perpu—

217 2534 276 2568 lit
308 2534 519 2569 delationem
555 2535 682 2569 subire.
717 2536 763 2572 cf.
798 2533 950 2578 Ruperti
981 2533 1028 2568 ad
1062 2535 1164 2569 eund.
1190 2533 1262 2575 XI,
1285 2534 1319 2568 1.
1343 2531 1605 2566 Drakenborch.

214 2594 260 2628 ad
291 2593 368 2628 Liv.
404 2594 591 2637 XXXVII,
625 2595 694 2637 49,
727 2595 761 2629 7.
795 2595 844 2630 id.
879 2595 962 2636 XL,
992 2593 1062 2637 38,
1093 2595 1129 2630 3.
1170 2595 1346 2629 Cornelius
1384 2598 1419 2628 et
1451 2592 1606 2627 Baebius

214 2655 459 2691 edixerunt
471 2682 480 2697 ,
502 2656 651 2702 Ligures
667 2657 711 2690 ab
727 2656 841 2690 Anido
862 2655 1033 2690 montibus
1049 2655 1103 2689 de
1115 2666 1216 2699 seen
1228 2655 1344 2688 dere.
1364 2653 1603 2688 Ruddimmm.

214 2716 339 2750 Institt.
371 2717 530 2751 Gramm.
565 2717 612 2752 T.
646 2716 693 2749 11.
718 2727 752 2759 p.
777 2716 858 2750 235.
875 2716 1089 2750 Ramshorn.
1107 2716 1267 2749 Granum.
1292 2715 1369 2749 Lat.
1395 2714 1429 2758 §.
1453 2713 1534 2748 168.
1559 2714 1603 2748 Β.

210 2775 243 2810 2.
270 2781 340 2811 not.
366 2776 398 2813 4.
425 2789 458 2820 p.
481 2776 562 2813 429.
590 2795 632 2804 —-
657 2776 726 2810 Pro
740 2778 975 2820 frequentata
999 2775 1033 2810 in
1058 2775 1138 2812 Seu.
1162 2775 1195 2812 2.
1220 2777 1346 2810 neusa.
1363 2778 1399 2809 et
1417 2774 1543 2809 vratis.
1565 2774 1617 2808 2.¹
