1716 2996
277 137 334 178 46
730 162 733 165 .
881 110 1056 175 mnmx

274 245 553 292 Interrogatione
576 246 772 281 continetur
795 245 1008 289 adhortatio,
1030 239 1060 280 1'.
1083 245 1142 288 31,
1157 246 1213 280 11.

273 304 544 349 Ιτιιεντοὲαιίυα.
561 305 760 339 εηιιηοίαιίο
783 304 856 338 sine
878 303 1119 348 interrogandi
1142 314 1228 337 voce
1251 307 1438 347 concepta,
1469 306 1498 342 1.
1527 307 1588 349 31,
1610 306 1667 342 17.

273 362 462 397 Intervallo
485 360 638 403 dicitur,
660 372 730 396 non
752 362 789 395 in
812 362 1020 404 intervallo,
1044 361 1089 396 ml
1112 351 1319 397 distantiam*
1335 363 1664 400 duorum-locorum

367 418 649 463 significandam,
666 419 696 453 Ι.
713 417 771 460 75,
784 418 819 456 2.

272 476 486 511 Intestabilis
507 475 534 510 i.
559 488 594 520 q.
620 477 796 519 scelestus,
819 477 846 514 1.
870 477 928 522 67,
952 477 987 513 3.

271 535 374 570 Intra
398 535 574 578 quomodo
594 534 736 569 differat
758 536 804 569 ab
829 537 932 578 iuter,
954 535 983 570 Ι.
1007 534 1064 576 92,
1088 534 1122 570 8.
1510 564 1517 569 .

273 592 376 627 Intra
397 592 558 635 aliquam
580 603 670 634 rem,
693 592 719 626 i.
734 603 768 636 q.
794 593 891 627 hand
914 593 1066 627 multum
1083 598 1111 627 -α
1134 604 1173 627 re
1195 592 1337 636 distans,
1358 593 1388 628 1.
1411 590 1526 635 18‚.5.

274 650 376 685 Intra
402 651 576 684 Oceanum
598 649 622 683 i.
640 661 673 694 q.
698 661 806 693 prope
829 651 874 684 ab
900 651 1052 690 Oceano,
1074 650 1103 685 1.
1131 650 1188 695 18,
1204 650 1237 686 5.

273 708 413 743 Intrare
435 711 595 751 respectu
618 708 743 742 finium
767 708 913 751 dictum,
937 710 965 743 1.
993 708 1074 752 110,
1095 708 1132 744 8.

275 766 519 808 latram-itinn,
543 776 578 799 v.
609 766 721 800 Verba
743 767 980 803 intransitiva.

271 823 421 858 Introim·
443 828 478 857 et
498 824 631 866 introii,
655 824 684 859 Ι.
707 824 766 866 71,
788 825 824 859 4.

272 882 408 916 Inultus
431 881 614 915 confusum
639 892 720 915 cum
742 884 881 925 multus,
904 882 932 915 1.
956 880 1016 924 67,
1040 881 1076 916 2.

272 939 407 974 Inultus
428 939 451 974 i.
477 951 510 983 q.
534 950 604 973 non
623 939 776 983 punitus,
799 940 828 973 1.
853 938 913 982 70,
938 939 973 974 4.

270 998 442 1031 Invadere
467 997 627 1031 absolute
647 997 812 1041 positum,
837 997 876 1031 C.
900 997 958 1039 10,
981 996 1017 1031 6.

273 1055 444 1098 Inquere
466 1055 502 1088 in
525 1066 598 1089 rem
622 1059 656 1089 et
678 1066 764 1097 rem,
788 1056 817 1089 1.
842 1054 902 1097 32,
925 1055 961 1090 4.

271 1112 442 1146 Invadere
465 1113 582 1146 animo
605 1113 753 1157 aliquid,
776 1114 803 1147 1.
827 1113 886 1155 20,
909 1111 945 1147 6.

271 1169 432 1203 Invenire
454 1169 587 1212 aliquid
610 1169 634 1203 i.
661 1181 695 1213 q.
716 1182 850 1215 parare
872 1171 929 1204 vel
953 1171 1092 1212 habere,
1115 1169 1144 1203 1.
1166 1168 1224 1210 70,
1248 1168 1283 1203 2.

271 1226 426 1260 Invictus
448 1226 614 1261 adversus
637 1228 784 1272 aliquid,
808 1229 836 1262 1.
858 1228 917 1270 43,
940 1228 975 1265 6.

272 1284 425 1319 Invictus
448 1283 474 1318 i.
497 1295 530 1327 q.
555 1284 615 1328 qui
639 1284 732 1318 vinci
754 1285 886 1329 nequit,
910 1287 939 1319 1.
964 1286 1024 1327 76,
1047 1285 1081 1319 1.

271 1341 431 1376 Invidere
453 1341 554 1375 verbi
577 1341 677 1376 varia
699 1346 886 1385 structura,
912 1344 951 1376 G.
976 1342 1035 1386 51,
1050 1341 1107 1376 38.

271 1401 413 1435 Invidia
435 1399 460 1434 i.
479 1411 512 1443 q.
535 1411 592 1433 ree
618 1410 708 1443 quae
730 1399 903 1434 invidiam
923 1400 1063 1441 excitat,
1085 1398 1115 1433 1.
1138 1396 1196 1440 33,
1219 1397 1255 1432 1.

272 1458 313 1492 In
335 1458 472 1492 invidia
495 1468 578 1499 esee,
604 1457 633 1491 1.
662 1456 721 1500 25,
745 1456 784 1493 5.

268 1516 404 1552 Invisus
426 1518 462 1550 et
483 1515 613 1550 invitus
634 1515 792 1557 confusa,
815 1514 844 1549 1.
867 1513 925 1556 73,
940 1514 974 1548 2.

270 1575 404 1609 Invitus
425 1584 495 1607 non
518 1572 589 1606 dici
610 1576 723 1617 potest
743 1573 820 1608 sine
840 1573 962 1617 verbo,
982 1572 1010 1606 1.
1026 1570 1085 1614 73,
1101 1570 1136 1605 2.

270 1634 354 1668 loca
375 1636 412 1666 et
434 1631 513 1672 ioci,
535 1631 564 1666 1.
590 1630 649 1673 96,
672 1631 708 1665 2.

271 1691 443 1726 locandus
465 1687 643 1732 antiquior
665 1690 794 1732 forma,
816 1689 844 1723 1.
862 1686 921 1731 85,
946 1686 1006 1722 41.

268 1750 346 1795 lpse
369 1748 415 1783 ad
438 1757 635 1792 personam,
658 1757 748 1791 quae
770 1746 940 1790 primaria
963 1748 1026 1786 est,
1049 1742 1209 1784 remittit,
1230 1741 1260 1777 1.
1284 1739 1345 1786 65,
1365 1740 1401 1778 3.

270 1809 349 1853 Ipse
371 1805 574 1852 germanice
596 1804 621 1839 i.
640 1816 679 1849 q.
694 1805 904 1850 peu-simum,
929 1804 969 1837 C.
992 1801 1051 1845 59,
1074 1802 1108 1838 6.
1154 1801 1185 1835 Ι.
1208 1799 1268 1843 52,
1290 1800 1327 1834 1.

271 1867 349 1911 Ipse
371 1865 396 1899 ἰ.
421 1875 455 1908 q.
478 1874 542 1908 per
564 1872 611 1905 se,
637 1874 684 1897 απ
705 1862 791 1903 sich,
815 1862 842 1897 1.
865 1861 925 1903 66,
950 1860 986 1898 4.

268 1926 348 1971 Ipse
371 1934 454 1958 cum
475 1920 679 1966 pronomine
700 1919 877 1965 personali
899 1919 1121 1954 coniunctum
1144 1927 1213 1960 quo
1234 1926 1337 1951 sensu
1362 1915 1445 1960 poni
1465 1914 1601 1957 debent,
1618 1915 1656 1949 Ο.

361 1981 420 2024 20,
443 1980 479 2016 6.
526 1981 555 2015 1.
579 1978 638 2020 14,
651 1976 687 2012 4.
733 1976 793 2021 41,
811 1977 848 2012 9.

269 2042 347 2087 Ipse
369 2050 511 2081 mecum,
534 2043 658 2078 tecum,
681 2046 805 2078 secum,
830 2034 983 2070 deterius
1006 2043 1111 2078 quam
1131 2043 1261 2068 mecum
1283 2032 1358 2083 ipse
1379 2032 1460 2072 etc„
1482 2029 1522 2065 C.
1547 2028 1607 2071 32,
1621 2028 1657 2064 1.

361 2098 419 2141 52,
437 2098 472 2132 3.
517 2097 545 2131 1.
569 2093 627 2136 62,
643 2092 677 2128 9.

270 2158 326 2192 Ire
349 2168 430 2190 cum
454 2153 577 2198 supino
599 2152 637 2186 in
660 2163 764 2186 -um
786 2150 1020 2192 coniunctum,
1045 2149 1085 2183 C.
1104 2147 1163 2191 36,
1186 2144 1221 2182 5.
1266 2146 1294 2182 1.
1317 2144 1376 2187 31,
1390 2144 1448 2180 27.
1492 2143 1609 2186 68,1.

269 2216 325 2250 Ire
347 2218 384 2249 et
407 2213 479 2248 alia
502 2211 608 2246 eundi
630 2210 741 2244 verba
762 2220 847 2243 num
871 2207 987 2243 omitti
1008 2207 1149 2251 possint,
1172 2206 1200 2241 1.
1223 2203 1303 2248 100,
1327 2203 1361 2238 1.

266 2273 461 2316 Irrumpere
484 2280 566 2304 cum
587 2269 663 2303 solo
687 2266 886 2302 accusativo
908 2266 1143 2307 coniunctum,
1167 2263 1196 2298 1.
1217 2261 1276 2306 58,
1298 2261 1333 2296 1.

267 2331 314 2372 13,
337 2341 372 2365 v,
396 2328 503 2363 etiam
525 2328 580 2362 Id.
1453 2352 1456 2355 ⁴

269 2389 305 2424 1⁸
336 2388 430 2421 va1ct
463 2387 508 2421 ad
533 2384 733 2419 subiectum
762 2381 898 2417 maiore
925 2381 960 2417 vi
991 2379 1230 2423 efferendum,
1262 2377 1301 2414 C.
1325 2374 1392 2422 49,
1424 2376 1460 2412 3.
1506 2374 1571 2417 51,
1593 2373 1652 2410 33.

359 2445 388 2480 1.
412 2442 469 2486 63,
492 2442 526 2477 3.
574 2441 633 2485 85,
658 2441 715 2475 11.

269 2504 304 2538 Is
326 2514 408 2537 cum
431 2502 468 2535 vi
491 2504 526 2535 et
549 2496 639 2544 ἤθει
661 2494 929 2541 dictum‚1.85‚
947 2496 984 2532 3.

269 2563 304 2596 Is
328 2572 413 2595 cum
433 2557 593 2603 copula
582 2570 606 2591 1.
629 2569 664 2601 q.
683 2563 717 2592 et
740 2557 890 2601 quidem,
914 2555 943 2590 Ι.
962 2552 1026 2594 89,
1050 2552 1087 2589 6.

268 2621 302 2654 le
325 2618 553 2658 abundanter,
577 2626 782 2661 praegresso
805 2614 879 2647 iam
900 2612 1052 2654 nomino,
1082 2607 1232 2646 orationi
1252 2607 1412 2648 infertur,
1437 2604 1475 2639 C.
1491 2602 1549 2644 37,
1570 2601 1606 2638 4.

266 2677 301 2712 Ie
324 2687 391 2710 non
415 2674 576 2719 ponitur,
608 2674 671 2708 ubi
701 2671 880 2719 genitivus
916 2670 1008 2706 alter
1043 2680 1086 2704 ex
1116 2677 1320 2713 praegresso
1351 2663 1492 2699 nomino
1516 2660 1651 2705 pendet,

359 2732 526 2776 Ι.92,4.
