<?xml version="1.0" encoding="UTF-8"?>
<!DOCTYPE html PUBLIC "-//W3C//DTD XHTML 1.0 Transitional//EN"
    "http://www.w3.org/TR/xhtml1/DTD/xhtml1-transitional.dtd">
<html xmlns="http://www.w3.org/1999/xhtml" xml:lang="en" lang="en">
 <head>
  <title>
</title>
<meta http-equiv="Content-Type" content="text/html;charset=utf-8" />
  <meta name='ocr-system' content='tesseract 3.04.00' />
  <meta name='ocr-capabilities' content='ocr_page ocr_carea ocr_par ocr_line ocrx_word'/>
</head>
<body>
  <div class='ocr_page' id='page_1' title='image "./operaquaesupersu02salluoft/operaquaesupersu02salluoft_0112.png"; bbox 0 0 1702 2982; ppageno 0'>
   <div class='ocr_carea' id='block_1_1' title="bbox 204 152 1238 196">
    <p class='ocr_par' dir='ltr' id='par_1_1' title="bbox 204 152 1238 196">
     <span class='ocr_line' id='line_1_1' title="bbox 204 152 1238 196; baseline 0.002 -2"><span class='ocrx_word' id='word_1_1' title='bbox 204 155 262 194; x_wconf 80' lang='lat'><strong>90</strong></span> <span class='ocrx_word' id='word_1_2' title='bbox 576 152 622 195; x_wconf 88' lang='lat' dir='ltr'><strong>C.</strong></span> <span class='ocrx_word' id='word_1_3' title='bbox 653 152 983 195; x_wconf 79' lang='lat' dir='ltr'>SALLUSTI</span> <span class='ocrx_word' id='word_1_4' title='bbox 1015 153 1238 196; x_wconf 87' lang='lat' dir='ltr'>CRISPI</span> 
     </span>
    </p>
   </div>
   <div class='ocr_carea' id='block_1_2' title="bbox 135 269 1603 526">
    <p class='ocr_par' dir='ltr' id='par_1_2' title="bbox 135 269 1603 526">
     <span class='ocr_line' id='line_1_2' title="bbox 206 269 1603 333; baseline 0.005 -22"><span class='ocrx_word' id='word_1_5' title='bbox 206 274 360 312; x_wconf 85' lang='lat' dir='ltr'><strong>certus</strong></span> <span class='ocrx_word' id='word_1_6' title='bbox 398 269 508 327; x_wconf 86' lang='lat' dir='ltr'><strong>quid</strong></span> <span class='ocrx_word' id='word_1_7' title='bbox 557 282 719 330; x_wconf 79' lang='lat' dir='ltr'><strong>agam,</strong></span> <span class='ocrx_word' id='word_1_8' title='bbox 761 275 917 314; x_wconf 78' lang='lat' dir='ltr'><strong>tuasne</strong></span> <span class='ocrx_word' id='word_1_9' title='bbox 960 271 1135 315; x_wconf 78' lang='lat' dir='ltr'><strong>iniurias</strong></span> <span class='ocrx_word' id='word_1_10' title='bbox 1180 286 1457 331; x_wconf 80' lang='lat' dir='ltr'><strong>persequar,</strong></span> <span class='ocrx_word' id='word_1_11' title='bbox 1504 274 1603 333; x_wconf 86' lang='lat' dir='ltr'><strong>ipsc</strong></span> 
     </span>
     <span class='ocr_line' id='line_1_3' title="bbox 205 366 1602 427; baseline 0.004 -18"><span class='ocrx_word' id='word_1_12' title='bbox 205 366 340 410; x_wconf 73' lang='lat' dir='ltr'><strong>auxili</strong></span> <span class='ocrx_word' id='word_1_13' title='bbox 381 382 548 427; x_wconf 76' lang='lat' dir='ltr'><strong>egens‚</strong></span> <span class='ocrx_word' id='word_1_14' title='bbox 587 382 644 410; x_wconf 83' lang='lat' dir='ltr'><strong>an</strong></span> <span class='ocrx_word' id='word_1_15' title='bbox 679 382 823 427; x_wconf 78' lang='lat' dir='ltr'><strong>regno</strong></span> <span class='ocrx_word' id='word_1_16' title='bbox 859 368 1120 425; x_wconf 79' lang='lat' dir='ltr'><strong>consulam,</strong></span> <span class='ocrx_word' id='word_1_17' title='bbox 1157 369 1279 413; x_wconf 81' lang='lat' dir='ltr'><strong>cuius</strong></span> <span class='ocrx_word' id='word_1_18' title='bbox 1312 369 1428 414; x_wconf 84' lang='lat' dir='ltr'><strong>vitae</strong></span> <span class='ocrx_word' id='word_1_19' title='bbox 1455 371 1602 415; x_wconf 85' lang='lat' dir='ltr'><strong>necis—</strong></span> 
     </span>
     <span class='ocr_line' id='line_1_4' title="bbox 135 461 1602 526; baseline 0.002 -18"><span class='ocrx_word' id='word_1_20' title='bbox 135 461 191 505; x_wconf 78' lang='grc'><strong>24</strong></span> <span class='ocrx_word' id='word_1_21' title='bbox 203 479 294 523; x_wconf 89' lang='lat' dir='ltr'><strong>que</strong></span> <span class='ocrx_word' id='word_1_22' title='bbox 313 470 513 524; x_wconf 82' lang='lat' dir='ltr'><strong>potestas</strong></span> <span class='ocrx_word' id='word_1_23' title='bbox 535 480 591 508; x_wconf 87' lang='lat' dir='ltr'><strong>ex</strong></span> <span class='ocrx_word' id='word_1_24' title='bbox 617 465 780 525; x_wconf 86' lang='lat' dir='ltr'><strong>opibus</strong></span> <span class='ocrx_word' id='word_1_25' title='bbox 810 465 962 510; x_wconf 84' lang='lat' dir='ltr'><strong>alienis</strong></span> <span class='ocrx_word' id='word_1_26' title='bbox 989 465 1177 526; x_wconf 81' lang='lat' dir='ltr'><strong>pendet.</strong></span> <span class='ocrx_word' id='word_1_27' title='bbox 1250 465 1435 511; x_wconf 86' lang='lat' dir='ltr'><strong>Utinam</strong></span> <span class='ocrx_word' id='word_1_28' title='bbox 1461 468 1602 511; x_wconf 86' lang='lat' dir='ltr'><strong>emori</strong></span> 
     </span>
    </p>
   </div>
   <div class='ocr_carea' id='block_1_3' title="bbox 200 562 1590 620">
    <p class='ocr_par' dir='ltr' id='par_1_3' title="bbox 200 562 1590 620">
     <span class='ocr_line' id='line_1_5' title="bbox 200 562 1590 620; baseline 0.003 -14"><span class='ocrx_word' id='word_1_29' title='bbox 200 562 389 606; x_wconf 83' lang='lat' dir='ltr'><strong>fortunis</strong></span> <span class='ocrx_word' id='word_1_30' title='bbox 423 563 533 607; x_wconf 82' lang='lat' dir='ltr'><strong>meis</strong></span> <span class='ocrx_word' id='word_1_31' title='bbox 569 563 781 608; x_wconf 82' lang='lat' dir='ltr'><strong>honestus</strong></span> <span class='ocrx_word' id='word_1_32' title='bbox 818 563 959 607; x_wconf 78' lang='lat' dir='ltr'><strong>exitus</strong></span> <span class='ocrx_word' id='word_1_33' title='bbox 997 570 1134 620; x_wconf 82' lang='lat' dir='ltr'><strong>esset,</strong></span> <span class='ocrx_word' id='word_1_34' title='bbox 1170 573 1258 609; x_wconf 84' lang='lat' dir='ltr'><strong>neu</strong></span> <span class='ocrx_word' id='word_1_35' title='bbox 1293 564 1444 610; x_wconf 84' lang='lat' dir='ltr'><strong>vivere</strong></span> <span class='ocrx_word' id='word_1_36' title='bbox 1479 579 1590 610; x_wconf 91' lang='lat' dir='ltr'><strong>con-</strong></span> 
     </span>
    </p>
   </div>
   <div class='ocr_carea' id='block_1_4' title="bbox 119 742 1601 2193">
    <p class='ocr_par' dir='ltr' id='par_1_4' title="bbox 193 742 1601 1279">
     <span class='ocr_line' id='line_1_6' title="bbox 201 742 1601 789; baseline -0.001 -11"><span class='ocrx_word' id='word_1_37' title='bbox 201 754 262 778; x_wconf 82' lang='lat' dir='ltr'><strong>ma</strong></span> <span class='ocrx_word' id='word_1_38' title='bbox 285 743 416 777; x_wconf 82' lang='lat' dir='ltr'><strong>amissa</strong></span> <span class='ocrx_word' id='word_1_39' title='bbox 438 753 508 776; x_wconf 91' lang='lat' dir='ltr'><strong>non</strong></span> <span class='ocrx_word' id='word_1_40' title='bbox 541 746 613 776; x_wconf 84' lang='lat' dir='ltr'><strong>tam</strong></span> <span class='ocrx_word' id='word_1_41' title='bbox 637 742 786 787; x_wconf 74' lang='lat' dir='ltr'><strong>regnum</strong></span> <span class='ocrx_word' id='word_1_42' title='bbox 811 742 984 784; x_wconf 77' lang='lat' dir='ltr'><strong>amisisti,</strong></span> <span class='ocrx_word' id='word_1_43' title='bbox 1008 753 1115 786; x_wconf 85' lang='lat' dir='ltr'><strong>quam</strong></span> <span class='ocrx_word' id='word_1_44' title='bbox 1138 743 1239 789; x_wconf 80' lang='lat' dir='ltr'><strong>fuga,</strong></span> <span class='ocrx_word' id='word_1_45' title='bbox 1263 743 1408 786; x_wconf 86' lang='lat' dir='ltr'><strong>exsilio,</strong></span> <span class='ocrx_word' id='word_1_46' title='bbox 1432 744 1601 789; x_wconf 69' lang='lat' dir='ltr'><strong>egestate,</strong></span> 
     </span>
     <span class='ocr_line' id='line_1_7' title="bbox 198 803 1600 848; baseline -0.001 -9"><span class='ocrx_word' id='word_1_47' title='bbox 198 803 377 839; x_wconf 86' lang='lat' dir='ltr'><strong>aerumnis</strong></span> <span class='ocrx_word' id='word_1_48' title='bbox 403 803 572 837; x_wconf 78' lang='lat' dir='ltr'><strong>liberatus</strong></span> <span class='ocrx_word' id='word_1_49' title='bbox 605 815 651 839; x_wconf 85' lang='lat' dir='ltr'><strong>es.</strong></span> <span class='ocrx_word' id='word_1_50' title='bbox 675 803 718 838; x_wconf 86' lang='lat' dir='ltr'><strong>V.</strong></span> <span class='ocrx_word' id='word_1_51' title='bbox 742 814 851 848; x_wconf 84' lang='lat' dir='ltr'><strong>supra</strong></span> <span class='ocrx_word' id='word_1_52' title='bbox 882 805 914 846; x_wconf 80' lang='lat'><strong>§.</strong></span> <span class='ocrx_word' id='word_1_53' title='bbox 944 803 978 838; x_wconf 76' lang='lat'><strong>4.</strong></span> <span class='ocrx_word' id='word_1_54' title='bbox 1012 803 1047 839; x_wconf 88' lang='grc'><strong>9.</strong></span> <span class='ocrx_word' id='word_1_55' title='bbox 1071 807 1106 839; x_wconf 87' lang='lat' dir='ltr'><strong>et</strong></span> <span class='ocrx_word' id='word_1_56' title='bbox 1133 804 1178 838; x_wconf 85' lang='lat' dir='ltr'><strong>ud</strong></span> <span class='ocrx_word' id='word_1_57' title='bbox 1202 816 1232 838; x_wconf 91' lang='lat' dir='ltr'><strong>c.</strong></span> <span class='ocrx_word' id='word_1_58' title='bbox 1256 805 1318 846; x_wconf 84' lang='lat'>111,</span> <span class='ocrx_word' id='word_1_59' title='bbox 1343 804 1377 838; x_wconf 88' lang='lat'><strong>1.</strong></span> <span class='ocrx_word' id='word_1_60' title='bbox 1399 822 1447 829; x_wconf 90' lang='lat'><strong>-—</strong></span> <span class='ocrx_word' id='word_1_61' title='bbox 1469 804 1540 838; x_wconf 86' lang='lat' dir='ltr'><strong>Pro</strong></span> <span class='ocrx_word' id='word_1_62' title='bbox 1566 806 1600 838; x_wconf 81' lang='lat' dir='ltr'><strong>et</strong></span> 
     </span>
     <span class='ocr_line' id='line_1_8' title="bbox 198 862 1598 908; baseline -0.004 -6"><span class='ocrx_word' id='word_1_63' title='bbox 198 866 309 901; x_wconf 86' lang='lat' dir='ltr'><strong>omnis</strong></span> <span class='ocrx_word' id='word_1_64' title='bbox 334 864 446 898; x_wconf 83' lang='lat' dir='ltr'><strong>Vatic.</strong></span> <span class='ocrx_word' id='word_1_65' title='bbox 467 864 508 901; x_wconf 80' lang='lat' dir='ltr'><strong>A.</strong></span> <span class='ocrx_word' id='word_1_66' title='bbox 529 865 639 899; x_wconf 85' lang='lat' dir='ltr'><strong>habet</strong></span> <span class='ocrx_word' id='word_1_67' title='bbox 662 865 738 898; x_wconf 80' lang='lat' dir='ltr'><strong>sed</strong></span> <span class='ocrx_word' id='word_1_68' title='bbox 762 864 883 905; x_wconf 72' lang='lat' dir='ltr'><strong>omniS,</strong></span> <span class='ocrx_word' id='word_1_69' title='bbox 909 865 1002 908; x_wconf 83' lang='lat' dir='ltr'><strong>quod</strong></span> <span class='ocrx_word' id='word_1_70' title='bbox 1026 876 1094 899; x_wconf 90' lang='lat' dir='ltr'><strong>non</strong></span> <span class='ocrx_word' id='word_1_71' title='bbox 1110 877 1192 900; x_wconf 90' lang='lat' dir='ltr'><strong>cum</strong></span> <span class='ocrx_word' id='word_1_72' title='bbox 1216 864 1409 900; x_wconf 83' lang='lat' dir='ltr'><strong>Gerlachio</strong></span> <span class='ocrx_word' id='word_1_73' title='bbox 1432 862 1598 906; x_wconf 82' lang='lat' dir='ltr'><strong>ornatius,</strong></span> 
     </span>
     <span class='ocr_line' id='line_1_9' title="bbox 197 924 1599 972; baseline -0.004 -9"><span class='ocrx_word' id='word_1_74' title='bbox 197 928 258 963; x_wconf 70' lang='lat' dir='ltr'><strong>sed</strong></span> <span class='ocrx_word' id='word_1_75' title='bbox 281 925 428 972; x_wconf 85' lang='lat' dir='ltr'><strong>gravius</strong></span> <span class='ocrx_word' id='word_1_76' title='bbox 451 931 485 960; x_wconf 89' lang='lat' dir='ltr'><strong>et</strong></span> <span class='ocrx_word' id='word_1_77' title='bbox 508 924 750 959; x_wconf 87' lang='lat' dir='ltr'><strong>vehementius</strong></span> <span class='ocrx_word' id='word_1_78' title='bbox 769 925 902 960; x_wconf 87' lang='lat' dir='ltr'><strong>dictum</strong></span> <span class='ocrx_word' id='word_1_79' title='bbox 925 925 1143 970; x_wconf 80' lang='lat' dir='ltr'><strong>putaverim;</strong></span> <span class='ocrx_word' id='word_1_80' title='bbox 1164 926 1226 960; x_wconf 88' lang='lat' dir='ltr'><strong>sed</strong></span> <span class='ocrx_word' id='word_1_81' title='bbox 1242 925 1428 970; x_wconf 79' lang='lat' dir='ltr'>quominus</span> <span class='ocrx_word' id='word_1_82' title='bbox 1449 925 1599 969; x_wconf 78' lang='lat' dir='ltr'>probem</span> 
     </span>
     <span class='ocr_line' id='line_1_10' title="bbox 196 986 1599 1034; baseline -0.003 -10"><span class='ocrx_word' id='word_1_83' title='bbox 196 989 419 1034; x_wconf 79' lang='lat' dir='ltr'><strong>anaphoram</strong></span> <span class='ocrx_word' id='word_1_84' title='bbox 441 987 557 1021; x_wconf 82' lang='lat' dir='ltr'>obstat</span> <span class='ocrx_word' id='word_1_85' title='bbox 589 986 805 1020; x_wconf 76' lang='lat' dir='ltr'><strong>relicuorum</strong></span> <span class='ocrx_word' id='word_1_86' title='bbox 827 987 1001 1021; x_wconf 86' lang='lat' dir='ltr'><strong>librorum</strong></span> <span class='ocrx_word' id='word_1_87' title='bbox 1033 987 1191 1022; x_wconf 88' lang='lat' dir='ltr'><strong>omnium</strong></span> <span class='ocrx_word' id='word_1_88' title='bbox 1213 987 1417 1022; x_wconf 78' lang='lat' dir='ltr'><strong>auctoritas.</strong></span> <span class='ocrx_word' id='word_1_89' title='bbox 1439 1005 1488 1012; x_wconf 90' lang='lat'><em>-</em></span> <span class='ocrx_word' id='word_1_90' title='bbox 1511 986 1599 1021; x_wconf 85' lang='lat' dir='ltr'><strong>Per-</strong></span> 
     </span>
     <span class='ocr_line' id='line_1_11' title="bbox 196 1047 1598 1096; baseline -0.004 -9"><span class='ocrx_word' id='word_1_91' title='bbox 196 1063 323 1096; x_wconf 82' lang='lat' dir='ltr'><strong>sequar</strong></span> <span class='ocrx_word' id='word_1_92' title='bbox 346 1048 523 1095; x_wconf 85' lang='lat' dir='ltr'><strong>quomodo</strong></span> <span class='ocrx_word' id='word_1_93' title='bbox 547 1047 690 1082; x_wconf 81' lang='lat' dir='ltr'><strong>dicatur</strong></span> <span class='ocrx_word' id='word_1_94' title='bbox 712 1048 888 1083; x_wconf 86' lang='lat' dir='ltr'><strong>monitum</strong></span> <span class='ocrx_word' id='word_1_95' title='bbox 913 1049 958 1084; x_wconf 87' lang='lat' dir='ltr'><strong>ad</strong></span> <span class='ocrx_word' id='word_1_96' title='bbox 983 1049 1062 1085; x_wconf 87' lang='lat' dir='ltr'><strong>Cat.</strong></span> <span class='ocrx_word' id='word_1_97' title='bbox 1084 1049 1149 1091; x_wconf 84' lang='lat' dir='ltr'><strong>lx,</strong></span> <span class='ocrx_word' id='word_1_98' title='bbox 1165 1047 1200 1083; x_wconf 85' lang='lat'><strong>5.</strong></span> <span class='ocrx_word' id='word_1_99' title='bbox 1223 1061 1259 1094; x_wconf 90' lang='lat' dir='ltr'><strong>p.</strong></span> <span class='ocrx_word' id='word_1_100' title='bbox 1283 1048 1342 1084; x_wconf 79' lang='lat'><strong>50.</strong></span> <span class='ocrx_word' id='word_1_101' title='bbox 1367 1049 1414 1084; x_wconf 82' lang='lat' dir='ltr'><strong>cf.</strong></span> <span class='ocrx_word' id='word_1_102' title='bbox 1437 1047 1598 1082; x_wconf 76' lang='lat' dir='ltr'><strong>Draken-</strong></span> 
     </span>
     <span class='ocr_line' id='line_1_12' title="bbox 195 1107 1598 1155; baseline -0.004 -8"><span class='ocrx_word' id='word_1_103' title='bbox 195 1112 320 1148; x_wconf 85' lang='lat' dir='ltr'><strong>borch.</strong></span> <span class='ocrx_word' id='word_1_104' title='bbox 356 1110 403 1146; x_wconf 81' lang='lat' dir='ltr'><strong>atl</strong></span> <span class='ocrx_word' id='word_1_105' title='bbox 433 1109 512 1144; x_wconf 78' lang='lat' dir='ltr'><strong>Liv.</strong></span> <span class='ocrx_word' id='word_1_106' title='bbox 546 1109 630 1149; x_wconf 74' lang='lat' dir='ltr'><strong>XL,</strong></span> <span class='ocrx_word' id='word_1_107' title='bbox 656 1109 714 1151; x_wconf 88' lang='lat'><strong>11,</strong></span> <span class='ocrx_word' id='word_1_108' title='bbox 737 1108 795 1143; x_wconf 80' lang='grc'><strong>10.</strong></span> <span class='ocrx_word' id='word_1_109' title='bbox 827 1110 984 1155; x_wconf 84' lang='lat' dir='ltr'><strong>Herzog.</strong></span> <span class='ocrx_word' id='word_1_110' title='bbox 1019 1110 1064 1144; x_wconf 89' lang='lat' dir='ltr'><strong>ad</strong></span> <span class='ocrx_word' id='word_1_111' title='bbox 1095 1110 1195 1145; x_wconf 84' lang='lat' dir='ltr'><strong>Caes.</strong></span> <span class='ocrx_word' id='word_1_112' title='bbox 1220 1110 1265 1145; x_wconf 92' lang='grc' dir='ltr'><strong>Β.</strong></span> <span class='ocrx_word' id='word_1_113' title='bbox 1290 1110 1335 1145; x_wconf 84' lang='lat' dir='ltr'><strong>G.</strong></span> <span class='ocrx_word' id='word_1_114' title='bbox 1369 1109 1452 1151; x_wconf 83' lang='lat' dir='ltr'><strong>vn,</strong></span> <span class='ocrx_word' id='word_1_115' title='bbox 1475 1107 1598 1142; x_wconf 80' lang='lat'><strong>38.—</strong></span> 
     </span>
     <span class='ocr_line' id='line_1_13' title="bbox 195 1170 1596 1218; baseline -0.004 -9"><span class='ocrx_word' id='word_1_116' title='bbox 195 1175 303 1209; x_wconf 80' lang='lat' dir='ltr'><strong>Cm&#39;us</strong></span> <span class='ocrx_word' id='word_1_117' title='bbox 334 1172 456 1218; x_wconf 86' lang='lat' dir='ltr'><strong>paullo</strong></span> <span class='ocrx_word' id='word_1_118' title='bbox 486 1170 693 1204; x_wconf 84' lang='lat' dir='ltr'><strong>insolentius</strong></span> <span class='ocrx_word' id='word_1_119' title='bbox 722 1182 794 1205; x_wconf 90' lang='lat' dir='ltr'><strong>non</strong></span> <span class='ocrx_word' id='word_1_120' title='bbox 824 1172 870 1205; x_wconf 86' lang='lat' dir='ltr'><strong>ad</strong></span> <span class='ocrx_word' id='word_1_121' title='bbox 898 1170 1156 1206; x_wconf 86' lang='lat' dir='ltr'><strong>substantivum</strong></span> <span class='ocrx_word' id='word_1_122' title='bbox 1195 1171 1396 1216; x_wconf 85' lang='lat' dir='ltr'><strong>proximum</strong></span> <span class='ocrx_word' id='word_1_123' title='bbox 1430 1170 1596 1210; x_wconf 76' lang='lat' dir='ltr'><strong>refertur,</strong></span> 
     </span>
     <span class='ocr_line' id='line_1_14' title="bbox 193 1232 1598 1279; baseline -0.006 -7"><span class='ocrx_word' id='word_1_124' title='bbox 193 1237 256 1272; x_wconf 79' lang='lat' dir='ltr'><strong>sed</strong></span> <span class='ocrx_word' id='word_1_125' title='bbox 278 1235 323 1270; x_wconf 83' lang='lat' dir='ltr'><strong>ad</strong></span> <span class='ocrx_word' id='word_1_126' title='bbox 346 1234 483 1279; x_wconf 78' lang='lat' dir='ltr'>primae</span> <span class='ocrx_word' id='word_1_127' title='bbox 516 1242 686 1276; x_wconf 81' lang='lat' dir='ltr'><strong>personae</strong></span> <span class='ocrx_word' id='word_1_128' title='bbox 710 1243 925 1275; x_wconf 82' lang='lat' dir='ltr'><strong>pronomen,</strong></span> <span class='ocrx_word' id='word_1_129' title='bbox 959 1232 996 1267; x_wconf 88' lang='lat' dir='ltr'><strong>in</strong></span> <span class='ocrx_word' id='word_1_130' title='bbox 1020 1233 1129 1267; x_wconf 82' lang='lat' dir='ltr'><strong>verbo</strong></span> <span class='ocrx_word' id='word_1_131' title='bbox 1154 1233 1287 1275; x_wconf 88' lang='lat' dir='ltr'><strong>latens,</strong></span> <span class='ocrx_word' id='word_1_132' title='bbox 1305 1243 1399 1277; x_wconf 85' lang='lat' dir='ltr'><strong>quae</strong></span> <span class='ocrx_word' id='word_1_133' title='bbox 1419 1233 1598 1266; x_wconf 73' lang='lat' dir='ltr'>structura</span> 
     </span>
    </p>

    <p class='ocr_par' dir='ltr' id='par_1_5' title="bbox 119 1291 1595 2193">
     <span class='ocr_line' id='line_1_15' title="bbox 166 1291 1595 1339; baseline -0.005 -7"><span class='ocrx_word' id='word_1_134' title='bbox 166 1308 168 1310; x_wconf 76' lang='grc'>’</span> <span class='ocrx_word' id='word_1_135' title='bbox 193 1309 237 1332; x_wconf 85' lang='lat' dir='ltr'><strong>eo</strong></span> <span class='ocrx_word' id='word_1_136' title='bbox 261 1295 479 1339; x_wconf 84' lang='lat' dir='ltr'><strong>aliquantum</strong></span> <span class='ocrx_word' id='word_1_137' title='bbox 502 1293 663 1327; x_wconf 80' lang='lat' dir='ltr'><strong>excusari</strong></span> <span class='ocrx_word' id='word_1_138' title='bbox 683 1292 835 1335; x_wconf 82' lang='lat' dir='ltr'><strong>videtur,</strong></span> <span class='ocrx_word' id='word_1_139' title='bbox 860 1293 952 1337; x_wconf 89' lang='lat' dir='ltr'><strong>quod</strong></span> <span class='ocrx_word' id='word_1_140' title='bbox 975 1294 1050 1338; x_wconf 82' lang='lat' dir='ltr'><strong>ipse</strong></span> <span class='ocrx_word' id='word_1_141' title='bbox 1072 1294 1270 1337; x_wconf 72' lang='lat' dir='ltr'><strong>praecessit.</strong></span> <span class='ocrx_word' id='word_1_142' title='bbox 1292 1294 1341 1328; x_wconf 81' lang='lat' dir='ltr'><strong>cf.</strong></span> <span class='ocrx_word' id='word_1_143' title='bbox 1365 1292 1486 1328; x_wconf 83' lang='lat' dir='ltr'><strong>Tacit.</strong></span> <span class='ocrx_word' id='word_1_144' title='bbox 1505 1291 1595 1326; x_wconf 80' lang='lat' dir='ltr'><strong>Anu.</strong></span> 
     </span>
     <span class='ocr_line' id='line_1_16' title="bbox 193 1354 1595 1400; baseline -0.002 -10"><span class='ocrx_word' id='word_1_145' title='bbox 193 1359 272 1400; x_wconf 83' lang='lat' dir='ltr'><strong>XV,</strong></span> <span class='ocrx_word' id='word_1_146' title='bbox 295 1356 356 1398; x_wconf 80' lang='lat'><strong>36,</strong></span> <span class='ocrx_word' id='word_1_147' title='bbox 379 1355 412 1392; x_wconf 82' lang='lat'><strong>3.</strong></span> <span class='ocrx_word' id='word_1_148' title='bbox 436 1354 564 1388; x_wconf 80' lang='lat' dir='ltr'><strong>vidisse</strong></span> <span class='ocrx_word' id='word_1_149' title='bbox 588 1354 715 1388; x_wconf 77' lang='lat' dir='ltr'><strong>civium</strong></span> <span class='ocrx_word' id='word_1_150' title='bbox 738 1358 884 1389; x_wconf 81' lang='lat' dir='ltr'><strong>moestos</strong></span> <span class='ocrx_word' id='word_1_151' title='bbox 907 1355 1045 1398; x_wconf 75' lang='lat' dir='ltr'><strong>vultus,</strong></span> <span class='ocrx_word' id='word_1_152' title='bbox 1070 1355 1162 1400; x_wconf 78' lang='lat' dir='ltr'><strong>quod</strong></span> <span class='ocrx_word' id='word_1_153' title='bbox 1183 1359 1323 1390; x_wconf 77' lang='lat' dir='ltr'><strong>tantum</strong></span> <span class='ocrx_word' id='word_1_154' title='bbox 1347 1355 1510 1389; x_wconf 71' lang='lat' dir='ltr'><strong>aditurus</strong></span> <span class='ocrx_word' id='word_1_155' title='bbox 1531 1365 1595 1388; x_wconf 76' lang='lat' dir='ltr'><strong>es-</strong></span> 
     </span>
     <span class='ocr_line' id='line_1_17' title="bbox 193 1414 1595 1460; baseline -0.004 -6"><span class='ocrx_word' id='word_1_156' title='bbox 193 1424 265 1454; x_wconf 79' lang='lat' dir='ltr'><strong>sct</strong></span> <span class='ocrx_word' id='word_1_157' title='bbox 296 1419 384 1460; x_wconf 85' lang='lat' dir='ltr'><strong>iter,</strong></span> <span class='ocrx_word' id='word_1_158' title='bbox 419 1416 550 1450; x_wconf 76' lang='lat' dir='ltr'><strong>cuius</strong></span> <span class='ocrx_word' id='word_1_159' title='bbox 581 1426 625 1447; x_wconf 78' lang='lat' dir='ltr'><strong>ne</strong></span> <span class='ocrx_word' id='word_1_160' title='bbox 656 1414 808 1448; x_wconf 81' lang='lat' dir='ltr'><strong>modicos</strong></span> <span class='ocrx_word' id='word_1_161' title='bbox 831 1415 970 1459; x_wconf 81' lang='lat' dir='ltr'><strong>quidem</strong></span> <span class='ocrx_word' id='word_1_162' title='bbox 995 1427 1156 1460; x_wconf 79' lang='lat' dir='ltr'><strong>egressus</strong></span> <span class='ocrx_word' id='word_1_163' title='bbox 1178 1418 1382 1451; x_wconf 75' lang='lat' dir='ltr'><strong>tolerarent.</strong></span> <span class='ocrx_word' id='word_1_164' title='bbox 1429 1415 1595 1450; x_wconf 84' lang='lat' dir='ltr'><strong>Ceterum</strong></span> 
     </span>
     <span class='ocr_line' id='line_1_18' title="bbox 119 1474 1594 1522; baseline -0.003 -7"><span class='ocrx_word' id='word_1_165' title='bbox 119 1474 123 1481; x_wconf 66' lang='grc'><em>’</em></span> <span class='ocrx_word' id='word_1_166' title='bbox 192 1480 333 1515; x_wconf 83' lang='lat' dir='ltr'><strong>Cortius</strong></span> <span class='ocrx_word' id='word_1_167' title='bbox 363 1475 525 1521; x_wconf 85' lang='lat' dir='ltr'><strong>imperite</strong></span> <span class='ocrx_word' id='word_1_168' title='bbox 548 1475 644 1510; x_wconf 82' lang='lat' dir='ltr'><strong>vitae</strong></span> <span class='ocrx_word' id='word_1_169' title='bbox 675 1476 836 1521; x_wconf 80' lang='lat' dir='ltr'><strong>necisque</strong></span> <span class='ocrx_word' id='word_1_170' title='bbox 865 1481 942 1520; x_wconf 84' lang='lat' dir='ltr'><strong>pot</strong></span> <span class='ocrx_word' id='word_1_171' title='bbox 956 1482 1164 1516; x_wconf 79' lang='lat' dir='ltr'><strong>estatem·</strong></span> <span class='ocrx_word' id='word_1_172' title='bbox 1182 1490 1248 1522; x_wconf 87' lang='lat' dir='ltr'><strong>pro</strong></span> <span class='ocrx_word' id='word_1_173' title='bbox 1271 1475 1594 1520; x_wconf 76' lang='lat' dir='ltr'><strong>circumscriptione</strong></span> 
     </span>
     <span class='ocr_line' id='line_1_19' title="bbox 191 1537 1594 1583; baseline -0.003 -8"><span class='ocrx_word' id='word_1_174' title='bbox 191 1541 368 1578; x_wconf 84' lang='lat' dir='ltr'><strong>nudarum</strong></span> <span class='ocrx_word' id='word_1_175' title='bbox 392 1548 522 1573; x_wconf 86' lang='lat' dir='ltr'><strong>vocum</strong></span> <span class='ocrx_word' id='word_1_176' title='bbox 544 1537 622 1575; x_wconf 79' lang='lat' dir='ltr'><strong>vita</strong></span> <span class='ocrx_word' id='word_1_177' title='bbox 645 1547 779 1582; x_wconf 73' lang='lat' dir='ltr'><strong>noxque</strong></span> <span class='ocrx_word' id='word_1_178' title='bbox 799 1537 928 1579; x_wconf 88' lang='lat' dir='ltr'><strong>habet,</strong></span> <span class='ocrx_word' id='word_1_179' title='bbox 952 1537 1247 1581; x_wconf 80' lang='lat' dir='ltr'><strong>quemadmodum</strong></span> <span class='ocrx_word' id='word_1_180' title='bbox 1265 1537 1320 1572; x_wconf 68' lang='lat' dir='ltr'><strong>ius</strong></span> <span class='ocrx_word' id='word_1_181' title='bbox 1343 1539 1448 1583; x_wconf 81' lang='lat' dir='ltr'><strong>regni</strong></span> <span class='ocrx_word' id='word_1_182' title='bbox 1469 1537 1522 1581; x_wconf 73' lang='lat' dir='ltr'><strong>(V.</strong></span> <span class='ocrx_word' id='word_1_183' title='bbox 1547 1537 1594 1572; x_wconf 83' lang='lat' dir='ltr'><strong>ad</strong></span> 
     </span>
     <span class='ocr_line' id='line_1_20' title="bbox 192 1597 1595 1645; baseline -0.005 -7"><span class='ocrx_word' id='word_1_184' title='bbox 192 1616 222 1638; x_wconf 86' lang='lat' dir='ltr'><strong>c.</strong></span> <span class='ocrx_word' id='word_1_185' title='bbox 246 1603 308 1643; x_wconf 86' lang='grc' dir='ltr'>ΙΙΙ,</span> <span class='ocrx_word' id='word_1_186' title='bbox 333 1602 386 1645; x_wconf 90' lang='grc'><strong>1.)</strong></span> <span class='ocrx_word' id='word_1_187' title='bbox 411 1599 552 1633; x_wconf 88' lang='lat' dir='ltr'><strong>dicatur</strong></span> <span class='ocrx_word' id='word_1_188' title='bbox 573 1608 638 1641; x_wconf 86' lang='lat' dir='ltr'><strong>pro</strong></span> <span class='ocrx_word' id='word_1_189' title='bbox 667 1597 744 1642; x_wconf 90' lang='lat' dir='ltr'><strong>ipso</strong></span> <span class='ocrx_word' id='word_1_190' title='bbox 767 1609 890 1643; x_wconf 82' lang='lat' dir='ltr'><strong>regno.</strong></span> <span class='ocrx_word' id='word_1_191' title='bbox 939 1598 1040 1643; x_wconf 81' lang='lat' dir='ltr'><strong>Quae</strong></span> <span class='ocrx_word' id='word_1_192' title='bbox 1066 1597 1263 1643; x_wconf 77' lang='lat' dir='ltr'><strong>explicandi</strong></span> <span class='ocrx_word' id='word_1_193' title='bbox 1291 1598 1386 1633; x_wconf 82' lang='lat' dir='ltr'><strong>ratio</strong></span> <span class='ocrx_word' id='word_1_194' title='bbox 1407 1601 1448 1633; x_wconf 85' lang='lat' dir='ltr'><strong>ut</strong></span> <span class='ocrx_word' id='word_1_195' title='bbox 1470 1608 1534 1642; x_wconf 80' lang='lat' dir='ltr'><strong>pet</strong></span> <span class='ocrx_word' id='word_1_196' title='bbox 1556 1608 1595 1632; x_wconf 79' lang='lat' dir='ltr'><strong>se</strong></span> 
     </span>
     <span class='ocr_line' id='line_1_21' title="bbox 190 1659 1592 1707; baseline -0.004 -8"><span class='ocrx_word' id='word_1_197' title='bbox 190 1663 309 1707; x_wconf 81' lang='lat' dir='ltr'><strong>inepta</strong></span> <span class='ocrx_word' id='word_1_198' title='bbox 331 1665 394 1703; x_wconf 85' lang='lat' dir='ltr'><strong>est,</strong></span> <span class='ocrx_word' id='word_1_199' title='bbox 418 1660 469 1695; x_wconf 82' lang='lat' dir='ltr'><strong>ita</strong></span> <span class='ocrx_word' id='word_1_200' title='bbox 490 1660 530 1694; x_wconf 86' lang='lat' dir='ltr'><strong>h.</strong></span> <span class='ocrx_word' id='word_1_201' title='bbox 555 1659 578 1693; x_wconf 92' lang='grc' dir='ltr'><strong>Ι.</strong></span> <span class='ocrx_word' id='word_1_202' title='bbox 603 1659 722 1693; x_wconf 88' lang='lat' dir='ltr'><strong>verbis</strong></span> <span class='ocrx_word' id='word_1_203' title='bbox 745 1660 864 1704; x_wconf 83' lang='lat' dir='ltr'><strong>opibus</strong></span> <span class='ocrx_word' id='word_1_204' title='bbox 880 1660 1005 1694; x_wconf 80' lang='lat' dir='ltr'><strong>alienis</strong></span> <span class='ocrx_word' id='word_1_205' title='bbox 1026 1659 1258 1703; x_wconf 83' lang='lat' dir='ltr'><strong>improbatur.</strong></span> <span class='ocrx_word' id='word_1_206' title='bbox 1306 1660 1450 1694; x_wconf 63' lang='lat' dir='ltr'><strong>Alienae</strong></span> <span class='ocrx_word' id='word_1_207' title='bbox 1471 1661 1592 1693; x_wconf 81' lang='lat' dir='ltr'><strong>autem</strong></span> 
     </span>
     <span class='ocr_line' id='line_1_22' title="bbox 190 1719 1593 1769; baseline -0.004 -10"><span class='ocrx_word' id='word_1_208' title='bbox 190 1735 273 1769; x_wconf 83' lang='lat' dir='ltr'><strong>opes</strong></span> <span class='ocrx_word' id='word_1_209' title='bbox 295 1722 492 1757; x_wconf 79' lang='lat' dir='ltr'><strong>Muellerus</strong></span> <span class='ocrx_word' id='word_1_210' title='bbox 514 1719 663 1765; x_wconf 85' lang='lat' dir='ltr'><strong>pessime</strong></span> <span class='ocrx_word' id='word_1_211' title='bbox 696 1720 740 1754; x_wconf 88' lang='lat' dir='ltr'><strong>de</strong></span> <span class='ocrx_word' id='word_1_212' title='bbox 762 1721 1009 1754; x_wconf 86' lang='lat' dir='ltr'><strong>Romanorum</strong></span> <span class='ocrx_word' id='word_1_213' title='bbox 1042 1720 1190 1756; x_wconf 85' lang='lat' dir='ltr'><strong>arbitrio</strong></span> <span class='ocrx_word' id='word_1_214' title='bbox 1213 1720 1329 1765; x_wconf 86' lang='lat' dir='ltr'><strong>capit,</strong></span> <span class='ocrx_word' id='word_1_215' title='bbox 1353 1731 1422 1754; x_wconf 89' lang='lat' dir='ltr'><strong>non</strong></span> <span class='ocrx_word' id='word_1_216' title='bbox 1443 1719 1593 1755; x_wconf 87' lang='lat' dir='ltr'><strong>sentiens</strong></span> 
     </span>
     <span class='ocr_line' id='line_1_23' title="bbox 190 1780 1593 1830; baseline -0.004 -10"><span class='ocrx_word' id='word_1_217' title='bbox 190 1796 299 1830; x_wconf 78' lang='lat' dir='ltr'><strong>supra</strong></span> <span class='ocrx_word' id='word_1_218' title='bbox 330 1783 477 1818; x_wconf 81' lang='lat' dir='ltr'><strong>modum</strong></span> <span class='ocrx_word' id='word_1_219' title='bbox 508 1782 676 1816; x_wconf 84' lang='lat' dir='ltr'><strong>servilem</strong></span> <span class='ocrx_word' id='word_1_220' title='bbox 698 1780 777 1815; x_wconf 87' lang='lat' dir='ltr'><strong>fieri</strong></span> <span class='ocrx_word' id='word_1_221' title='bbox 797 1780 1009 1815; x_wconf 76' lang='lat' dir='ltr'><strong>Adherbalis</strong></span> <span class='ocrx_word' id='word_1_222' title='bbox 1033 1782 1214 1823; x_wconf 89' lang='lat' dir='ltr'><strong>animum,</strong></span> <span class='ocrx_word' id='word_1_223' title='bbox 1246 1782 1306 1826; x_wconf 84' lang='lat' dir='ltr'><strong>qui</strong></span> <span class='ocrx_word' id='word_1_224' title='bbox 1331 1793 1388 1822; x_wconf 87' lang='lat' dir='ltr'><strong>se,</strong></span> <span class='ocrx_word' id='word_1_225' title='bbox 1410 1792 1534 1826; x_wconf 84' lang='lat' dir='ltr'><strong>regem</strong></span> <span class='ocrx_word' id='word_1_226' title='bbox 1557 1785 1593 1816; x_wconf 89' lang='lat' dir='ltr'><strong>et</strong></span> 
     </span>
     <span class='ocr_line' id='line_1_24' title="bbox 188 1841 1592 1888; baseline -0.003 -9"><span class='ocrx_word' id='word_1_227' title='bbox 188 1844 400 1880; x_wconf 86' lang='lat' dir='ltr'><strong>Masinissae</strong></span> <span class='ocrx_word' id='word_1_228' title='bbox 422 1849 600 1888; x_wconf 81' lang='lat' dir='ltr'><strong>nepotem,</strong></span> <span class='ocrx_word' id='word_1_229' title='bbox 623 1846 789 1887; x_wconf 82' lang='lat' dir='ltr'><strong>tanquam</strong></span> <span class='ocrx_word' id='word_1_230' title='bbox 812 1841 1025 1876; x_wconf 81' lang='lat' dir='ltr'><strong>vilissimum</strong></span> <span class='ocrx_word' id='word_1_231' title='bbox 1049 1841 1265 1886; x_wconf 87' lang='lat' dir='ltr'><strong>mancipium</strong></span> <span class='ocrx_word' id='word_1_232' title='bbox 1288 1853 1310 1876; x_wconf 88' lang='lat' dir='ltr'><strong>a</strong></span> <span class='ocrx_word' id='word_1_233' title='bbox 1332 1842 1506 1876; x_wconf 87' lang='lat' dir='ltr'><strong>Romanis</strong></span> <span class='ocrx_word' id='word_1_234' title='bbox 1526 1853 1592 1886; x_wconf 88' lang='lat' dir='ltr'><strong>pro</strong></span> 
     </span>
     <span class='ocr_line' id='line_1_25' title="bbox 189 1902 1591 1948; baseline -0.004 -6"><span class='ocrx_word' id='word_1_235' title='bbox 189 1907 306 1942; x_wconf 81' lang='lat' dir='ltr'><strong>lubitu</strong></span> <span class='ocrx_word' id='word_1_236' title='bbox 330 1906 387 1940; x_wconf 85' lang='lat' dir='ltr'><strong>vel</strong></span> <span class='ocrx_word' id='word_1_237' title='bbox 408 1904 548 1948; x_wconf 85' lang='lat' dir='ltr'><strong>necari,</strong></span> <span class='ocrx_word' id='word_1_238' title='bbox 571 1904 632 1938; x_wconf 83' lang='lat' dir='ltr'><strong>vel</strong></span> <span class='ocrx_word' id='word_1_239' title='bbox 655 1903 730 1938; x_wconf 75' lang='lat' dir='ltr'><strong>vita</strong></span> <span class='ocrx_word' id='word_1_240' title='bbox 754 1902 877 1937; x_wconf 86' lang='lat' dir='ltr'><strong>donari</strong></span> <span class='ocrx_word' id='word_1_241' title='bbox 899 1913 1000 1947; x_wconf 89' lang='lat' dir='ltr'><strong>posse</strong></span> <span class='ocrx_word' id='word_1_242' title='bbox 1021 1903 1127 1939; x_wconf 84' lang='lat' dir='ltr'><strong>dicat.</strong></span> <span class='ocrx_word' id='word_1_243' title='bbox 1174 1902 1246 1937; x_wconf 86' lang='lat' dir='ltr'><strong>Sed</strong></span> <span class='ocrx_word' id='word_1_244' title='bbox 1268 1903 1379 1937; x_wconf 81' lang='lat' dir='ltr'><strong>verba</strong></span> <span class='ocrx_word' id='word_1_245' title='bbox 1402 1904 1510 1937; x_wconf 85' lang='lat' dir='ltr'><strong>etiam</strong></span> <span class='ocrx_word' id='word_1_246' title='bbox 1526 1904 1591 1937; x_wconf 87' lang='lat' dir='ltr'><strong>ob-</strong></span> 
     </span>
     <span class='ocr_line' id='line_1_26' title="bbox 191 1963 1589 2012; baseline -0.004 -8"><span class='ocrx_word' id='word_1_247' title='bbox 191 1972 307 2012; x_wconf 84' lang='lat' dir='ltr'><strong>stant,</strong></span> <span class='ocrx_word' id='word_1_248' title='bbox 338 1967 510 2011; x_wconf 87' lang='lat' dir='ltr'><strong>siquidem</strong></span> <span class='ocrx_word' id='word_1_249' title='bbox 541 1965 743 2007; x_wconf 86' lang='lat' dir='ltr'><strong>Adherbal,</strong></span> <span class='ocrx_word' id='word_1_250' title='bbox 775 1964 806 1998; x_wconf 84' lang='lat' dir='ltr'><strong>si</strong></span> <span class='ocrx_word' id='word_1_251' title='bbox 830 1965 1013 1999; x_wconf 85' lang='lat' dir='ltr'><strong>Romanos</strong></span> <span class='ocrx_word' id='word_1_252' title='bbox 1043 1963 1289 2007; x_wconf 86' lang='lat' dir='ltr'><strong>intellexisset,</strong></span> <span class='ocrx_word' id='word_1_253' title='bbox 1322 1975 1392 1999; x_wconf 90' lang='lat' dir='ltr'><strong>non</strong></span> <span class='ocrx_word' id='word_1_254' title='bbox 1415 1964 1589 1999; x_wconf 86' lang='lat' dir='ltr'><strong>invidioso</strong></span> 
     </span>
     <span class='ocr_line' id='line_1_27' title="bbox 190 2024 1590 2071; baseline -0.004 -7"><span class='ocrx_word' id='word_1_255' title='bbox 190 2029 365 2065; x_wconf 80' lang='lat' dir='ltr'><strong>vocabulo</strong></span> <span class='ocrx_word' id='word_1_256' title='bbox 389 2028 515 2062; x_wconf 80' lang='lat' dir='ltr'><strong>alienis</strong></span> <span class='ocrx_word' id='word_1_257' title='bbox 529 2054 539 2070; x_wconf 87' lang='lat'><strong>‚</strong></span> <span class='ocrx_word' id='word_1_258' title='bbox 571 2028 631 2062; x_wconf 85' lang='lat' dir='ltr'><strong>sed</strong></span> <span class='ocrx_word' id='word_1_259' title='bbox 654 2026 791 2071; x_wconf 82' lang='lat' dir='ltr'><strong>potius,</strong></span> <span class='ocrx_word' id='word_1_260' title='bbox 817 2030 855 2060; x_wconf 88' lang='lat' dir='ltr'><strong>ut</strong></span> <span class='ocrx_word' id='word_1_261' title='bbox 877 2025 914 2059; x_wconf 87' lang='lat' dir='ltr'><strong>in</strong></span> <span class='ocrx_word' id='word_1_262' title='bbox 939 2029 1014 2060; x_wconf 82' lang='lat' dir='ltr'><strong>tota</strong></span> <span class='ocrx_word' id='word_1_263' title='bbox 1034 2024 1215 2069; x_wconf 85' lang='lat' dir='ltr'><strong>oratione,</strong></span> <span class='ocrx_word' id='word_1_264' title='bbox 1239 2026 1364 2060; x_wconf 76' lang='lat' dir='ltr'><strong>vestris</strong></span> <span class='ocrx_word' id='word_1_265' title='bbox 1388 2036 1470 2059; x_wconf 87' lang='lat' dir='ltr'><strong>usus</strong></span> <span class='ocrx_word' id='word_1_266' title='bbox 1487 2029 1590 2060; x_wconf 79' lang='lat' dir='ltr'><strong>esset.</strong></span> 
     </span>
     <span class='ocr_line' id='line_1_28' title="bbox 123 2085 1588 2136; baseline -0.003 -11"><span class='ocrx_word' id='word_1_267' title='bbox 123 2109 143 2118; x_wconf 39' lang='grc' dir='ltr'>κ</span> <span class='ocrx_word' id='word_1_268' title='bbox 190 2092 313 2136; x_wconf 81' lang='lat' dir='ltr'><strong>Quare</strong></span> <span class='ocrx_word' id='word_1_269' title='bbox 337 2100 417 2134; x_wconf 80' lang='lat' dir='ltr'><strong>opes</strong></span> <span class='ocrx_word' id='word_1_270' title='bbox 449 2090 587 2124; x_wconf 81' lang='lat' dir='ltr'><strong>alienae</strong></span> <span class='ocrx_word' id='word_1_271' title='bbox 619 2088 816 2134; x_wconf 82' lang='lat' dir='ltr'><strong>Iugurthae</strong></span> <span class='ocrx_word' id='word_1_272' title='bbox 839 2090 939 2128; x_wconf 84' lang='lat' dir='ltr'><strong>sunt,</strong></span> <span class='ocrx_word' id='word_1_273' title='bbox 975 2097 999 2121; x_wconf 86' lang='lat' dir='ltr'><strong>a</strong></span> <span class='ocrx_word' id='word_1_274' title='bbox 1021 2098 1090 2131; x_wconf 89' lang='lat' dir='ltr'><strong>quo</strong></span> <span class='ocrx_word' id='word_1_275' title='bbox 1115 2091 1238 2122; x_wconf 85' lang='lat' dir='ltr'><strong>exutus</strong></span> <span class='ocrx_word' id='word_1_276' title='bbox 1266 2085 1419 2130; x_wconf 88' lang='lat' dir='ltr'><strong>imperio</strong></span> <span class='ocrx_word' id='word_1_277' title='bbox 1450 2085 1588 2124; x_wconf 69' lang='lat' dir='ltr'><strong>Adher-</strong></span> 
     </span>
     <span class='ocr_line' id='line_1_29' title="bbox 189 2147 1589 2193; baseline -0.005 -5"><span class='ocrx_word' id='word_1_278' title='bbox 189 2153 252 2188; x_wconf 84' lang='lat' dir='ltr'><strong>bal</strong></span> <span class='ocrx_word' id='word_1_279' title='bbox 275 2163 358 2186; x_wconf 88' lang='lat' dir='ltr'><strong>sane</strong></span> <span class='ocrx_word' id='word_1_280' title='bbox 381 2154 530 2185; x_wconf 89' lang='lat' dir='ltr'><strong>mortem</strong></span> <span class='ocrx_word' id='word_1_281' title='bbox 564 2151 689 2185; x_wconf 87' lang='lat' dir='ltr'><strong>timere</strong></span> <span class='ocrx_word' id='word_1_282' title='bbox 712 2149 882 2190; x_wconf 87' lang='lat' dir='ltr'><strong>debebat,</strong></span> <span class='ocrx_word' id='word_1_283' title='bbox 914 2159 1026 2191; x_wconf 88' lang='lat' dir='ltr'><strong>neque</strong></span> <span class='ocrx_word' id='word_1_284' title='bbox 1058 2148 1210 2193; x_wconf 84' lang='lat' dir='ltr'><strong>amplius</strong></span> <span class='ocrx_word' id='word_1_285' title='bbox 1233 2148 1345 2182; x_wconf 86' lang='lat' dir='ltr'><strong>libere</strong></span> <span class='ocrx_word' id='word_1_286' title='bbox 1367 2147 1509 2182; x_wconf 86' lang='lat' dir='ltr'><strong>vivendi</strong></span> <span class='ocrx_word' id='word_1_287' title='bbox 1529 2157 1589 2182; x_wconf 58' lang='grc' dir='ltr'><strong>απτ</strong></span> 
     </span>
    </p>
   </div>
   <div class='ocr_carea' id='block_1_5' title="bbox 189 2212 1585 2318">
    <p class='ocr_par' dir='ltr' id='par_1_6' title="bbox 189 2212 1585 2318">
     <span class='ocr_line' id='line_1_30' title="bbox 189 2212 528 2249; baseline -0.012 0"><span class='ocrx_word' id='word_1_288' title='bbox 189 2213 339 2249; x_wconf 86' lang='lat' dir='ltr'><strong>bitrium</strong></span> <span class='ocrx_word' id='word_1_289' title='bbox 362 2212 528 2246; x_wconf 85' lang='lat' dir='ltr'><strong>habebat.</strong></span> 
     </span>
     <span class='ocr_line' id='line_1_31' title="bbox 284 2268 1585 2318; baseline -0.004 -11"><span class='ocrx_word' id='word_1_290' title='bbox 284 2276 316 2317; x_wconf 63' lang='grc' dir='ltr'><strong>ς.</strong></span> <span class='ocrx_word' id='word_1_291' title='bbox 342 2271 401 2307; x_wconf 80' lang='lat'><strong>24.</strong></span> <span class='ocrx_word' id='word_1_292' title='bbox 452 2273 574 2318; x_wconf 82' lang='lat' dir='ltr'><strong>emori]</strong></span> <span class='ocrx_word' id='word_1_293' title='bbox 601 2269 802 2306; x_wconf 83' lang='lat' dir='ltr'><strong>Gernhardi</strong></span> <span class='ocrx_word' id='word_1_294' title='bbox 824 2268 1030 2305; x_wconf 88' lang='lat' dir='ltr'><strong>sententiam</strong></span> <span class='ocrx_word' id='word_1_295' title='bbox 1053 2269 1099 2304; x_wconf 85' lang='lat' dir='ltr'><strong>ad</strong></span> <span class='ocrx_word' id='word_1_296' title='bbox 1122 2268 1197 2304; x_wconf 86' lang='lat' dir='ltr'><strong>Cic.</strong></span> <span class='ocrx_word' id='word_1_297' title='bbox 1221 2269 1297 2306; x_wconf 77' lang='lat' dir='ltr'><strong>Cat.</strong></span> <span class='ocrx_word' id='word_1_298' title='bbox 1321 2269 1408 2304; x_wconf 78' lang='lat' dir='ltr'><strong>Mai.</strong></span> <span class='ocrx_word' id='word_1_299' title='bbox 1434 2281 1465 2306; x_wconf 90' lang='lat' dir='ltr'><strong>c.</strong></span> <span class='ocrx_word' id='word_1_300' title='bbox 1488 2269 1585 2311; x_wconf 74' lang='lat' dir='ltr'>XIX,</span> 
     </span>
    </p>
   </div>
   <div class='ocr_carea' id='block_1_6' title="bbox 188 2329 1586 2810">
    <p class='ocr_par' dir='ltr' id='par_1_7' title="bbox 188 2329 1586 2810">
     <span class='ocr_line' id='line_1_32' title="bbox 189 2329 1586 2380; baseline -0.006 -8"><span class='ocrx_word' id='word_1_301' title='bbox 189 2336 249 2372; x_wconf 73' lang='lat'><strong>⁷1.</strong></span> <span class='ocrx_word' id='word_1_302' title='bbox 272 2347 307 2380; x_wconf 90' lang='lat' dir='ltr'><strong>p.</strong></span> <span class='ocrx_word' id='word_1_303' title='bbox 330 2333 413 2368; x_wconf 85' lang='lat'><strong>135.</strong></span> <span class='ocrx_word' id='word_1_304' title='bbox 441 2333 547 2368; x_wconf 83' lang='lat' dir='ltr'><strong>emori</strong></span> <span class='ocrx_word' id='word_1_305' title='bbox 580 2333 625 2368; x_wconf 88' lang='lat' dir='ltr'><strong>ab</strong></span> <span class='ocrx_word' id='word_1_306' title='bbox 656 2332 746 2366; x_wconf 83' lang='lat' dir='ltr'><strong>mori</strong></span> <span class='ocrx_word' id='word_1_307' title='bbox 768 2332 926 2376; x_wconf 84' lang='lat' dir='ltr'><strong>pleniore</strong></span> <span class='ocrx_word' id='word_1_308' title='bbox 960 2335 1097 2366; x_wconf 88' lang='lat' dir='ltr'><strong>tantum</strong></span> <span class='ocrx_word' id='word_1_309' title='bbox 1130 2342 1246 2373; x_wconf 88' lang='lat' dir='ltr'><strong>sono‚·</strong></span> <span class='ocrx_word' id='word_1_310' title='bbox 1269 2331 1332 2366; x_wconf 87' lang='lat' dir='ltr'><strong>sed</strong></span> <span class='ocrx_word' id='word_1_311' title='bbox 1353 2341 1422 2366; x_wconf 91' lang='lat' dir='ltr'><strong>non</strong></span> <span class='ocrx_word' id='word_1_312' title='bbox 1444 2329 1586 2364; x_wconf 85' lang='lat' dir='ltr'><strong>notione</strong></span> 
     </span>
     <span class='ocr_line' id='line_1_33' title="bbox 190 2390 1585 2439; baseline -0.006 -5"><span class='ocrx_word' id='word_1_313' title='bbox 190 2398 336 2434; x_wconf 81' lang='lat' dir='ltr'><strong>differre</strong></span> <span class='ocrx_word' id='word_1_314' title='bbox 357 2400 452 2431; x_wconf 86' lang='lat' dir='ltr'><strong>recte</strong></span> <span class='ocrx_word' id='word_1_315' title='bbox 486 2395 665 2439; x_wconf 87' lang='lat' dir='ltr'><strong>improbat</strong></span> <span class='ocrx_word' id='word_1_316' title='bbox 694 2395 829 2429; x_wconf 83' lang='lat' dir='ltr'><strong>Ludov.</strong></span> <span class='ocrx_word' id='word_1_317' title='bbox 862 2394 1096 2430; x_wconf 84' lang='lat' dir='ltr'><strong>Doederlinus</strong></span> <span class='ocrx_word' id='word_1_318' title='bbox 1125 2391 1163 2426; x_wconf 87' lang='lat' dir='ltr'><strong>in</strong></span> <span class='ocrx_word' id='word_1_319' title='bbox 1195 2392 1327 2438; x_wconf 80' lang='lat' dir='ltr'><strong>Synon.</strong></span> <span class='ocrx_word' id='word_1_320' title='bbox 1351 2392 1429 2426; x_wconf 86' lang='lat' dir='ltr'><strong>Lat.</strong></span> <span class='ocrx_word' id='word_1_321' title='bbox 1453 2390 1500 2426; x_wconf 89' lang='lat' dir='ltr'><strong>T.</strong></span> <span class='ocrx_word' id='word_1_322' title='bbox 1522 2391 1585 2426; x_wconf 88' lang='lat' dir='ltr'><strong>lu.</strong></span> 
     </span>
     <span class='ocr_line' id='line_1_34' title="bbox 190 2452 1584 2506; baseline -0.006 -11"><span class='ocrx_word' id='word_1_323' title='bbox 190 2472 226 2506; x_wconf 90' lang='lat' dir='ltr'><strong>p.</strong></span> <span class='ocrx_word' id='word_1_324' title='bbox 250 2457 322 2494; x_wconf 77' lang='lat'><strong>183</strong></span> <span class='ocrx_word' id='word_1_325' title='bbox 343 2469 394 2502; x_wconf 89' lang='lat' dir='ltr'><strong>sq.</strong></span> <span class='ocrx_word' id='word_1_326' title='bbox 427 2459 566 2491; x_wconf 86' lang='lat' dir='ltr'><strong>secutus</strong></span> <span class='ocrx_word' id='word_1_327' title='bbox 597 2456 859 2499; x_wconf 77' lang='lat' dir='ltr'><strong>Foroeffinum,</strong></span> <span class='ocrx_word' id='word_1_328' title='bbox 894 2455 956 2500; x_wconf 88' lang='lat' dir='ltr'><strong>qui</strong></span> <span class='ocrx_word' id='word_1_329' title='bbox 986 2455 1094 2490; x_wconf 78' lang='lat' dir='ltr'><strong>emori</strong></span> <span class='ocrx_word' id='word_1_330' title='bbox 1131 2465 1208 2488; x_wconf 87' lang='lat' dir='ltr'><strong>esse</strong></span> <span class='ocrx_word' id='word_1_331' title='bbox 1238 2453 1324 2487; x_wconf 82' lang='lat' dir='ltr'><strong>dicit</strong></span> <span class='ocrx_word' id='word_1_332' title='bbox 1355 2452 1493 2486; x_wconf 81' lang='lat' dir='ltr'><strong>omnino</strong></span> <span class='ocrx_word' id='word_1_333' title='bbox 1526 2452 1584 2487; x_wconf 85' lang='lat' dir='ltr'><strong>vel</strong></span> 
     </span>
     <span class='ocr_line' id='line_1_35' title="bbox 188 2511 1585 2568; baseline -0.008 -11"><span class='ocrx_word' id='word_1_334' title='bbox 188 2526 331 2568; x_wconf 73' lang='lat' dir='ltr'><strong>prorsus</strong></span> <span class='ocrx_word' id='word_1_335' title='bbox 359 2519 468 2559; x_wconf 85' lang='lat' dir='ltr'><strong>mori,·</strong></span> <span class='ocrx_word' id='word_1_336' title='bbox 506 2528 611 2562; x_wconf 84' lang='lat' dir='ltr'><strong>quam</strong></span> <span class='ocrx_word' id='word_1_337' title='bbox 636 2517 908 2561; x_wconf 86' lang='lat' dir='ltr'><strong>explicationem</strong></span> <span class='ocrx_word' id='word_1_338' title='bbox 936 2527 1058 2555; x_wconf 70' lang='lat' dir='ltr'><strong>veram</strong></span> <span class='ocrx_word' id='word_1_339' title='bbox 1082 2527 1158 2549; x_wconf 84' lang='lat' dir='ltr'><strong>esse</strong></span> <span class='ocrx_word' id='word_1_340' title='bbox 1178 2525 1246 2548; x_wconf 89' lang='lat' dir='ltr'><strong>non</strong></span> <span class='ocrx_word' id='word_1_341' title='bbox 1276 2513 1381 2548; x_wconf 89' lang='lat' dir='ltr'><strong>modo</strong></span> <span class='ocrx_word' id='word_1_342' title='bbox 1407 2511 1585 2556; x_wconf 79' lang='lat' dir='ltr'><strong>praefixae</strong></span> 
     </span>
     <span class='ocr_line' id='line_1_36' title="bbox 191 2572 1584 2624; baseline -0.007 -7"><span class='ocrx_word' id='word_1_343' title='bbox 191 2583 342 2617; x_wconf 80' lang='lat' dir='ltr'><strong>voculae</strong></span> <span class='ocrx_word' id='word_1_344' title='bbox 364 2579 439 2621; x_wconf 75' lang='lat' dir='ltr'><strong>vis,</strong></span> <span class='ocrx_word' id='word_1_345' title='bbox 472 2590 577 2624; x_wconf 82' lang='lat' dir='ltr'><strong>quam</strong></span> <span class='ocrx_word' id='word_1_346' title='bbox 609 2578 864 2613; x_wconf 85' lang='lat' dir='ltr'><strong>illustravimus</strong></span> <span class='ocrx_word' id='word_1_347' title='bbox 898 2578 943 2612; x_wconf 87' lang='lat' dir='ltr'><strong>ad</strong></span> <span class='ocrx_word' id='word_1_348' title='bbox 972 2577 1050 2611; x_wconf 81' lang='lat' dir='ltr'><strong>Cat.</strong></span> <span class='ocrx_word' id='word_1_349' title='bbox 1078 2576 1238 2617; x_wconf 67' lang='lat' dir='ltr'><strong>xnvm,</strong></span> <span class='ocrx_word' id='word_1_350' title='bbox 1270 2575 1305 2609; x_wconf 72' lang='lat'><strong>4.</strong></span> <span class='ocrx_word' id='word_1_351' title='bbox 1339 2574 1465 2615; x_wconf 83' lang='lat' dir='ltr'>XLIX,</span> <span class='ocrx_word' id='word_1_352' title='bbox 1490 2572 1524 2607; x_wconf 76' lang='lat'><strong>4.</strong></span> <span class='ocrx_word' id='word_1_353' title='bbox 1550 2578 1584 2608; x_wconf 91' lang='lat' dir='ltr'><strong>et</strong></span> 
     </span>
     <span class='ocr_line' id='line_1_37' title="bbox 194 2634 1582 2686; baseline -0.006 -8"><span class='ocrx_word' id='word_1_354' title='bbox 194 2644 252 2686; x_wconf 84' lang='lat' dir='ltr'><strong>Ll,</strong></span> <span class='ocrx_word' id='word_1_355' title='bbox 280 2643 350 2684; x_wconf 68' lang='lat'><strong>2⁰„</strong></span> <span class='ocrx_word' id='word_1_356' title='bbox 382 2641 443 2677; x_wconf 86' lang='lat' dir='ltr'><strong>scd</strong></span> <span class='ocrx_word' id='word_1_357' title='bbox 465 2639 574 2675; x_wconf 85' lang='lat' dir='ltr'><strong>etiam</strong></span> <span class='ocrx_word' id='word_1_358' title='bbox 603 2639 765 2683; x_wconf 82' lang='lat' dir='ltr'><strong>exempla</strong></span> <span class='ocrx_word' id='word_1_359' title='bbox 793 2639 871 2683; x_wconf 86' lang='lat' dir='ltr'><strong>ipsa</strong></span> <span class='ocrx_word' id='word_1_360' title='bbox 893 2638 978 2673; x_wconf 85' lang='lat' dir='ltr'><strong>satis</strong></span> <span class='ocrx_word' id='word_1_361' title='bbox 1001 2638 1242 2682; x_wconf 83' lang='lat' dir='ltr'><strong>comprobant.</strong></span> <span class='ocrx_word' id='word_1_362' title='bbox 1264 2636 1309 2670; x_wconf 82' lang='lat' dir='ltr'><strong>cf.</strong></span> <span class='ocrx_word' id='word_1_363' title='bbox 1334 2636 1409 2669; x_wconf 84' lang='lat' dir='ltr'><strong>Cat.</strong></span> <span class='ocrx_word' id='word_1_364' title='bbox 1435 2636 1523 2677; x_wconf 83' lang='lat' dir='ltr'><strong>XX,</strong></span> <span class='ocrx_word' id='word_1_365' title='bbox 1547 2634 1582 2671; x_wconf 81' lang='lat'><strong>9.</strong></span> 
     </span>
     <span class='ocr_line' id='line_1_38' title="bbox 193 2694 1582 2748; baseline -0.007 -9"><span class='ocrx_word' id='word_1_366' title='bbox 193 2715 307 2740; x_wconf 73' lang='lat' dir='ltr'><strong>nonne</strong></span> <span class='ocrx_word' id='word_1_367' title='bbox 340 2715 358 2737; x_wconf 87' lang='lat' dir='ltr'><strong>e</strong></span> <span class='ocrx_word' id='word_1_368' title='bbox 371 2703 487 2737; x_wconf 74' lang='lat' dir='ltr'><strong>mori</strong></span> <span class='ocrx_word' id='word_1_369' title='bbox 507 2713 572 2748; x_wconf 80' lang='lat' dir='ltr'><strong>per</strong></span> <span class='ocrx_word' id='word_1_370' title='bbox 594 2702 758 2736; x_wconf 79' lang='lat' dir='ltr'><strong>virtutem</strong></span> <span class='ocrx_word' id='word_1_371' title='bbox 780 2704 941 2745; x_wconf 76' lang='lat' dir='ltr'><strong>praestat</strong></span> <span class='ocrx_word' id='word_1_372' title='bbox 954 2694 967 2741; x_wconf 33' lang='lat'><strong>‚¹</strong></span> <span class='ocrx_word' id='word_1_373' title='bbox 988 2710 1093 2743; x_wconf 80' lang='lat' dir='ltr'><strong>quam</strong></span> <span class='ocrx_word' id='word_1_374' title='bbox 1112 2698 1185 2731; x_wconf 51' lang='lat' dir='ltr'><strong>¹vit</strong></span> <span class='ocrx_word' id='word_1_375' title='bbox 1198 2708 1264 2730; x_wconf 84' lang='lat' dir='ltr'><strong>am</strong></span> <span class='ocrx_word' id='word_1_376' title='bbox 1295 2708 1330 2730; x_wconf 90' lang='lat' dir='ltr'><strong>m</strong></span> <span class='ocrx_word' id='word_1_377' title='bbox 1345 2697 1518 2731; x_wconf 77' lang='lat' dir='ltr'><strong>iseram</strong></span> <span class='ocrx_word' id='word_1_378' title='bbox 1535 2714 1582 2722; x_wconf 90' lang='lat'>—</span> 
     </span>
     <span class='ocr_line' id='line_1_39' title="bbox 193 2757 1582 2810; baseline -0.006 -10"><span class='ocrx_word' id='word_1_379' title='bbox 193 2775 258 2810; x_wconf 81' lang='lat' dir='ltr'><strong>per</strong></span> <span class='ocrx_word' id='word_1_380' title='bbox 281 2764 429 2799; x_wconf 77' lang='lat' dir='ltr'><strong>dedecus</strong></span> <span class='ocrx_word' id='word_1_381' title='bbox 456 2763 690 2803; x_wconf 76' lang='lat' dir='ltr'><strong>amittere,</strong></span> <span class='ocrx_word' id='word_1_382' title='bbox 713 2761 750 2796; x_wconf 90' lang='lat' dir='ltr'><strong>in</strong></span> <span class='ocrx_word' id='word_1_383' title='bbox 772 2772 854 2805; x_wconf 88' lang='lat' dir='ltr'><strong>quo,</strong></span> <span class='ocrx_word' id='word_1_384' title='bbox 875 2759 1087 2795; x_wconf 85' lang='lat' dir='ltr'><strong>Doederlino</strong></span> <span class='ocrx_word' id='word_1_385' title='bbox 1109 2758 1236 2800; x_wconf 87' lang='lat' dir='ltr'><strong>iudice,</strong></span> <span class='ocrx_word' id='word_1_386' title='bbox 1259 2758 1329 2792; x_wconf 88' lang='lat' dir='ltr'><strong>hoc</strong></span> <span class='ocrx_word' id='word_1_387' title='bbox 1350 2757 1460 2793; x_wconf 82' lang='lat' dir='ltr'><strong>inest:</strong></span> <span class='ocrx_word' id='word_1_388' title='bbox 1475 2767 1582 2800; x_wconf 81' lang='lat' dir='ltr'><strong>quam</strong></span> 
     </span>
    </p>
   </div>
  </div>
 </body>
</html>
