1716 2996
254 115 315 156 66
870 110 1046 155 INDEX
1095 152 1098 154 ,

258 223 506 260 Praedicatum
527 234 610 258 cum
632 222 672 258 vi
695 222 948 269 praemissum,
973 223 1003 261 Ι.
1025 222 1087 268 82,
1107 223 1143 260 2.
1189 222 1248 271 85,
1267 223 1329 260 34.

257 282 467 317 Praedieere
488 281 513 316 i.
537 293 571 326 q.
597 281 739 323 iubere,
762 283 789 316 1.
812 280 873 326 75,
894 280 933 319 5.

258 341 447 376 Praeditus
470 339 630 384 imperio,
655 339 693 374 G.
716 337 776 383 51,
802 340 862 375 12.

258 398 424 433 Praeesse
446 397 607 432 absolute
630 397 794 441 positum,
818 398 857 432 G.
884 396 943 441 51,
967 395 1027 433 28.

258 456 463 500 Praefectus
486 454 523 489 in
545 466 585 488 re
601 454 750 489 militari
772 454 982 501 intelligitur
1004 456 1157 500 equitum
1179 455 1360 500 sociorum,
1384 456 1424 493 C.
1448 455 1507 502 59,
1523 456 1558 495 6.

258 513 455 558 Praeficere
480 512 642 547 absolute
664 513 830 557 positum,
856 514 894 548 C.
919 513 979 558 51,
1008 514 1054 547 22³

258 571 458 606 Praemium
481 569 506 605 i.
531 582 565 615 q.
591 571 827 615 commodum,
847 572 886 605 G.
911 571 970 614 41,
995 572 1028 607 1.

257 629 478 664 Praemissae
501 628 733 672 explicativae
757 629 948 665 sententiae
972 631 1006 664 ei
1029 629 1093 672 rei,
1118 629 1440 676 quaeexplicatur,
1460 631 1489 666 1.
1512 629 1548 674 7,
1572 629 1605 666 1.

257 686 492 721 Praenomina
516 686 579 720 ubi
602 698 671 721 non
696 686 913 730 omittantur,
936 687 964 724 1.
990 685 1047 729 43,
1072 687 1106 722 1.

257 744 480 790 Praeparare
502 748 538 779 et
557 756 749 791 properare
771 745 930 787 confusa,
954 740 982 779 1.
1005 744 1064 787 37,
1080 743 1117 779 4.

258 802 538 848 praepositiones
559 801 622 837 ubi
643 803 757 847 repeti
779 803 943 846 debeant,
967 804 1006 838 C.
1029 803 1089 845 49,
1115 802 1150 838 1.
1195 802 1225 837 Ι.
1249 803 1306 846 13,
1332 802 1367 839 3.

259 860 478 906 Praeposuit»
509 871 580 896 non
619 861 763 896 additur
789 860 1017 897 substantivis
1049 861 1250 896 verbalibus
1282 861 1319 896 iu
1341 873 1412 896 —u
1433 859 1652 903 exeuntibus,

351 918 391 953 C.
414 917 475 962 42,
496 917 532 954 3.

259 975 538 1023 Praepositiones
559 974 598 1011 vi
620 975 882 1020 adverbiorum,
904 978 930 1011 1.
955 975 991 1020 5,
1014 977 1051 1014 3.

259 1034 541 1080 Praepositiones
563 1034 757 1070 nonnullae
779 1045 864 1070 eum
886 1034 1087 1070 nominibus
1118 1037 1192 1072 sine
1215 1037 1318 1072 verbo
1341 1034 1506 1085 iunctae,
1537 1032 1567 1067 1.
1595 1031 1654 1076 54,

349 1093 385 1129 6.
433 1092 499 1135 61,
523 1091 558 1127 4.

259 1150 542 1196 Praepositiones
564 1149 709 1185 urbium
731 1150 932 1186 nominibus
955 1152 1108 1194 additae,
1133 1150 1173 1185 C.
1188 1149 1247 1192 40,
1273 1148 1307 1185 5.
1354 1149 1383 1188 Ι.
1409 1149 1466 1193 61,
1491 1149 1526 1184 l.

258 1207 540 1255 Praepositiones
571 1209 609 1243 in
643 1211 678 1242 et
711 1220 752 1243 ex
789 1209 869 1244 voci
893 1211 1014 1245 domus
1045 1221 1126 1245 cum
1150 1209 1327 1244 adieetivo
1358 1209 1563 1244 coniunctae
1585 1217 1654 1241 non

351 1267 536 1310 adduntur,
560 1265 589 1300 1.
611 1264 671 1307 663
694 1264 731 1299 3.
777 1264 837 1308 76,
860 1266 896 1301 6.

259 1322 540 1370 Praepositiones
561 1322 720 1370 genitivo
743 1322 943 1369 appositae,
965 1323 1096 1359 omisso
1122 1325 1220 1359 aedis
1243 1324 1300 1358 vel
1321 1325 1442 1370 templi
1463 1323 1652 1364 vocabulo,

259 1438 538 1486 Praepositiones
570 1438 646 1475 sine
678 1437 841 1482 nomine,
878 1450 923 1474 ex
954 1439 1237 1474 antecedentibus
1260 1432 1475 1484 supplendo,
1496 1438 1654 1485 genitivo

350 1497 546 1543 appositae,
570 1498 599 1532 I.
624 1497 684 1540 92,
705 1496 741 1532 4.

258 1556 541 1603 Praepositiones
569 1555 608 1590 vi
639 1554 800 1590 adverbii
834 1554 996 1591 absolute
1026 1555 1164 1600 positae
1194 1554 1246 1590 ins
1249 1558 1304 1591 tar
1326 1555 1577 1592 enunciationis
1599 1566 1654 1591 se-

353 1613 543 1649 cundariae
567 1616 657 1653 sunt,
680 1614 707 1648 1.
731 1612 790 1654 ⁷6,
806 1610 843 1648 5.

259 1670 563 1718 Praepositioaum
584 1671 720 1716 ellipsis
744 1672 844 1706 nulla
867 1674 929 1714 est,
954 1671 994 1706 C.
1018 1671 1079 1715 31,
1102 1670 1141 1710 3.

260 1730 565 1776 Pmepositiouum
585 1729 808 1774 anastrophe,
831 1729 861 1764 I.
886 1729 968 1774 101,
990 1728 1026 1765 8.

261 1787 466 1824 Praesens·
454 1800 480 1823 1.
505 1799 540 1833 q.
564 1788 705 1830 efficax,
728 1788 768 1824 C.
791 1787 851 1830 51,
873 1787 931 1823 19.

261 1846 432 1882 Praesens
453 1846 546 1882 inter
569 1847 640 1881 duo
663 1846 871 1890 imperfecta
892 1856 967 1880 esse
989 1843 1121 1890 nequit,
1145 1843 1184 1880 G
1209 1843 1319 1888 40,1.

262 1905 432 1942 Praesens
454 1909 490 1941 et
512 1905 753 1950 imperfectum
785 1905 824 1939 in
846 1903 1037 1940 bimembri
1060 1902 1304 1938 enuntiatione
1325 1903 1467 1948 aequali
1491 1902 1574 1954 poni
1594 1914 1654 1939 ne-

354 1964 441 2009 quit,
463 1964 494 2000 1.
517 1961 576 2006 33,
601 1960 637 1997 4.

260 2021 444 2067 Praesens,
465 2031 673 2067 praegresso
694 2018 915 2064 imperfecto,
939 2029 982 2054 ex
1001 2018 1178 2064 praesenti
1200 2019 1364 2064 pendens,
1387 2018 1426 2053 C.
1444 2018 1503 2063 34,
1528 2018 1562 2054 1.

263 2081 434 2118 Praesens
455 2078 584 2124 excipit
606 2077 804 2113 infinitivus
830 2077 1030 2120 historicus,
1058 2078 1097 2112 C.
1119 2077 1176 2122 16,
1201 2078 1236 2112 2.

263 2138 436 2175 Praesens
458 2138 662 2173 historicum
685 2148 764 2170 cum
790 2137 944 2180 perfecto
966 2135 1212 2180 coniunctum,
1235 2136 1275 2171 C.
1302 2135 1373 2181 20,
1396 2135 1431 2170 1.
1478 2134 1510 2171 1.
1534 2135 1598 2179 12,
1620 2135 1655 2170 4.

354 2196 416 2239 20,
438 2196 473 2231 1.
520 2194 579 2239 26,
603 2193 639 2229 3.
659 2215 667 2218 -
687 2192 745 2237 34,
768 2193 802 2228 2.
849 2191 907 2238 35,
934 2192 971 2229 4.

264 2255 433 2291 Praesens
456 2254 657 2289 historicum
680 2263 704 2288 a
725 2252 849 2288 scribis
870 2252 908 2288 in
933 2253 1128 2299 perfectum
1151 2254 1350 2297 mutatum,
1382 2252 1410 2286 1.
1434 2251 1492 2299 29,
1516 2250 1551 2287 5.
1595 2249 1655 2295 58,

355 2313 391 2350 5.
438 2312 497 2356 80,
518 2313 554 2349 2.

267 2370 450 2406 Praesenti
475 2369 642 2406 historico
663 2367 890 2414 subiungitur
912 2368 1153 2404 coniunctivns
1175 2367 1388 2413 imperfecti,
1411 2368 1456 2404 Ο.
1466 2367 1524 2412 34,
1549 2369 1582 2406 1.

267 2427 467 2464 Praesentis
488 2427 730 2463 coniunctivae
762 2438 806 2462 ex
839 2427 995 2472 perfecto
1022 2425 1153 2462 aoristo
1182 2428 1352 2473 pendens,
1386 2427 1425 2462 C.
1447 2426 1516 2470 41,
1543 2424 1576 2462 5.
1625 2426 1654 2462 Ῑ.

357 2485 417 2528 28,
440 2485 474 2520 1.
1437 2483 1440 2485 ’

269 2543 468 2579 Praesentis
487 2541 681 2578 infinitivus
701 2553 766 2588 pro
790 2541 964 2577 infinitivo
987 2542 1110 2585 futuri,
1134 2542 1161 2576 1.
1186 2541 1245 2586 33,
1268 2542 1302 2577 3.

269 2601 470 2637 Praesentis
490 2599 719 2653 participium
735 2612 807 2637 non
841 2600 982 2647 ponitur
1011 2600 1050 2636 vi
1078 2600 1245 2646 perfecti,
1280 2600 1309 2634 1.
1349 2597 1414 2641 10,
1444 2598 1480 2634 2.
1526 2597 1595 2642 62,
1618 2598 1652 2633 1.

361 2658 443 2702 106,
464 2658 498 2697 1.

271 2716 480 2753 Praesertim
503 2729 608 2763 quun
630 2718 666 2754 et
687 2728 790 2764 quum
810 2717 1032 2763 praesertim,
1054 2716 1095 2752 C.
1119 2714 1177 2759 51,
1200 2714 1257 2750 19.
1304 2715 1330 2750 1.
1354 2715 1388 2759 2,
1411 2714 1448 2751 4.
