1702 2982
238 186 297 226 82
608 182 653 225 C.
685 180 1018 224 SALLUSTI
1049 179 1268 224 CRISPI

175 307 225 346 12
240 313 347 343 sem.
419 297 528 358 Ego
573 299 635 343 sic
677 299 998 343 existumabam
1017 332 1030 356 ,
1077 275 1234 343 Patres
1281 297 1547 358 conscripti,
1592 304 1642 343 ut

237 394 575 457 praedicantem
609 395 871 441 audiveram
905 402 1082 457 patrem
1117 410 1292 453 meum,
1327 396 1406 454 qui
1444 400 1642 441 vostram

239 494 479 538 amicitiam
527 493 765 554 diligenter
810 494 1036 551 colerent,
1084 508 1172 553 eos*
1208 493 1400 539 multum
1437 493 1642 538 laborem

239 591 499 651 suscipere,
533 596 733 635 ceterum
766 606 821 635 ex
863 591 1068 635 omnibus
1110 606 1318 635 maxume
1359 596 1479 635 tutos
1529 606 1637 635 esse.

175 696 224 735 13
240 687 379 744 Quod
409 688 454 732 in
485 687 653 732 familia
678 694 828 731 nostra
858 687 965 744 fuit,
994 688 1230 747 praestitit,
1266 688 1330 763 uti
1358 689 1404 732 in
1433 688 1638 732 omnibus

238 785 367 829 bellis
397 784 576 828 adesset
604 784 755 838 vobis;
800 800 883 829 nos
915 785 978 828 uti
1016 800 1103 845 per
1138 786 1279 830 otium
1318 786 1400 829 tuti
1431 785 1564 829 simus
1596 781 1640 828 i'n

174 900 223 940 14
238 898 374 928 manu
407 888 558 927 vostra
589 888 680 937 est,
716 882 871 926 Patres
907 882 1162 942 conscripti.
1233 881 1369 926 Pater
1405 898 1485 927 nos
1524 881 1637 926 duos

236 981 399 1024 fratres
448 979 650 1038 reliquit3
696 980 902 1036 tertium,
947 978 1214 1041 Iugurtham
1233 1013 1246 1035 ,
1282 979 1511 1024 beneficiis
1550 979 1636 1023 suis

236 1084 356 1122 ratus
392 1083 459 1122 est
493 1077 781 1121 coniunctum
810 1077 937 1121 nobis
968 1077 1079 1121 fore.
1150 1076 1279 1120 Alter
1319 1091 1474 1122 eorum
1502 1091 1640 1120 neca-

237 1205 426 1241 extorrem,
460 1193 618 1243 inopem,
654 1204 849 1243 coopertum
882 1199 998 1243 effecit
1033 1197 1278 1242 praedicatum
1313 1198 1360 1233 sit
1392 1197 1521 1233 obiecti
1551 1197 1640 1232 nihil

235 1261 349 1294 minus
372 1264 742 1304 aspectantem,
766 1269 857 1303 quae
879 1260 991 1294 verba
1006 1269 1084 1292 ‘non
1106 1258 1336 1304 appositionis
1359 1259 1396 1293 vi
1416 1259 1460 1294 ad
1484 1257 1641 1303 protasia

234 1321 426 1365 pertinent,
461 1321 523 1355 sed
544 1321 716 1365 apodosin
747 1320 932 1365 incipiunt.
980 1322 1083 1365 Quae
1107 1324 1302 1364 sequuntur
1324 1325 1365 1356 ut
1388 1321 1500 1355 ubiuis
1519 1338 1564 1344 -
1585 1330 1641 1353 es·-

234 1394 328 1424 sem‚
358 1381 466 1417 facile
499 1385 626 1416 coeunt
656 1391 737 1415 cum
774 1381 1015 1426 praegressis,
1045 1382 1150 1416 modo
1182 1386 1303 1416 teneas
1335 1394 1398 1426 per
1433 1368 1642 1426 epexegesiu

236 1443 373 1478 adiecta
391 1454 488 1485 esse,
519 1441 623 1476 cuius
643 1442 718 1475 vim
742 1442 889 1484 senties,
925 1442 956 1476 si
979 1446 1057 1487 post
1080 1444 1194 1488 effecit
1219 1443 1433 1488 cogitatione
1456 1442 1641 1486 suppleve-

235 1504 285 1539 ris
308 1506 361 1539 ita
385 1505 536 1550 quidem.
585 1502 749 1536 Ceterum
775 1502 984 1537 Gerlachius
1008 1505 1145 1549 efficere
1168 1514 1352 1549 perperam
1378 1501 1515 1547 poetice
1538 1513 1640 1536 usur-

234 1570 358 1610 patum
387 1565 540 1607 iudicat,
574 1563 674 1598 cuius
702 1563 847 1608 propria
885 1564 1001 1608 potius
1031 1568 1183 1609 potestas
1213 1564 1254 1599 h.
1289 1564 1314 1598 1.
1348 1565 1496 1597 constat.
1551 1561 1641 1596 Vere

235 1626 331 1661 enim
357 1625 560 1670 Herzogius
584 1625 629 1659 ad
653 1625 761 1659 Catil.
786 1625 888 1668 xlv,
921 1625 958 1660 4.
987 1637 1023 1670 p.
1048 1625 1106 1661 ⁷2.
1141 1624 1260 1660 docuit
1293 1625 1388 1668 effici
1421 1623 1466 1657 de
1490 1634 1533 1658 eo
1557 1621 1639 1664 dici,

235 1687 328 1731 quod
352 1686 513 1722 adhibito
539 1685 678 1728 studio,
703 1685 838 1728 labore,
863 1687 1084 1721 contentione
1102 1691 1141 1721 et
1165 1685 1412 1721 exercitatione
1436 1684 1542 1729 plane
1570 1683 1641 1718 tale

234 1747 383 1791 existat,
414 1747 517 1791 quale
540 1746 577 1780 id
601 1757 677 1780 esse
710 1745 879 1790 velimus,
911 1750 973 1781 aut
1005 1757 1061 1781 res
1091 1747 1171 1792 ipsa
1201 1747 1378 1788 ostendnt;
1412 1745 1460 1780 cf.
1490 1746 1638 1790 Fragm-

233 1809 328 1844 nist.
359 1809 396 1851 I,
420 1807 487 1850 19,
509 1807 546 1852 3,.
570 1818 607 1842 ee
639 1819 658 1841 e
689 1813 881 1853 contempto
905 1808 1128 1843 metuendum
1164 1808 1343 1852 effecit.
1369 1805 1416 1842 id.
1440 1806 1500 1848 lv,
1522 1805 1580 1848 12,
1603 1803 1638 1839 8.

234 1870 395 1904 Attalum
418 1870 663 1903 miserrumum
686 1881 862 1904 servorum
887 1871 1113 1913 effecere.
1135 1869 1237 1904 Caes.
1261 1868 1305 1903 Β.
1331 1867 1376 1901 G.
1401 1866 1461 1908 lv,
1485 1866 1519 1899 1.
1548 1876 1638 1910 quae

233 1941 288 1964 res
312 1935 348 1965 et
370 1931 437 1964 sibi
459 1941 591 1977 genere
625 1936 660 1966 ct
692 1932 923 1976 quotidiana
933 1930 1284 1965 exercitatione
1302 1948 1349 1953 —-
1379 1927 1471 1962 vires
1503 1928 1570 1961 alit
1603 1931 1638 1962 et

235 1990 381 2025 immani
404 2002 583 2035 corporum
606 1991 855 2037 magnitudine
889 1992 1044 2026 homines
1076 1990 1256 2035 efficit.
1291 1989 1339 2023 id.
1363 1988 1407 2022 Β.
1433 1987 1472 2024 G.
1494 1988 1556 2029 111,
1579 1986 1637 2029 84,

233 2050 266 2085 3.
292 2063 382 2096 quae
413 2063 469 2086 res
499 2053 545 2087 in
576 2053 674 2088 dies
707 2054 999 2099 confirmatiorem
1035 2053 1109 2087 eius
1142 2051 1330 2086 exercitum
1363 2049 1635 2094 efficiebat.

233 2111 358 2146 Noster
382 2112 486 2147 Catil.
512 2115 620 2157 XLII,
643 2114 678 2149 2.
702 2115 934 2159 festinando,
969 2113 1207 2159 agitando
1241 2112 1395 2146 omnia
1424 2112 1505 2156 plus
1533 2111 1637 2145 timo·

233 2173 283 2207 ris
304 2185 408 2218 quam
428 2175 581 2219 pericula·
614 2178 902 2220 effecerant.
922 2194 970 2200 —
1004 2174 1057 2208 De
1090 2173 1235 2208 extorris
1267 2171 1434 2206 vocabuli
1458 2171 1578 2206 forma
1600 2181 1635 2205 v.

233 2234 717 2280 Conr.Leop.Schneide1-i
743 2237 905 2272 Grnmm.
935 2236 1014 2272 Lat.
1038 2235 1085 2269 Τ.
1105 2234 1132 2269 1.
1159 2233 1246 2270 P.1.
1279 2244 1316 2278 p.
1336 2233 1383 2267 12
1401 2244 1466 2278 sq„
1501 2232 1546 2266 de
1568 2242 1634 2266 usu

233 2300 268 2330 et
290 2299 469 2331 structura
492 2298 623 2332 Duker.
648 2297 694 2332 ad
716 2297 794 2334 Liv.
817 2298 894 2340 VII,
917 2296 953 2339 4,
975 2295 1010 2330 4.
1035 2295 1124 2330 Sall.
1147 2295 1295 2340 Frugm.
1319 2293 1411 2328 Hist.
1433 2294 1479 2337 11,
1500 2292 1536 2327 6.
1561 2293 1633 2327 Pro
1700 2328 1702 2331 ,

233 2356 342 2391 tutius
377 2356 495 2391 Guelf.
527 2358 587 2392 11.
618 2363 655 2393 et
691 2359 762 2394 Ino,
792 2359 826 2394 1.
851 2359 982 2394 habent
1005 2358 1125 2398 tutior,
1149 2355 1273 2391 scribis
1301 2353 1547 2400 ignorantibus
1570 2351 1634 2387 ubi
1696 2363 1702 2376 *

233 2427 306 2452 esse
329 2417 478 2452 verbum
499 2419 710 2463 praegnanti
733 2431 834 2455 sensu
867 2420 1068 2455 universum
1092 2417 1240 2452 alicuius
1262 2419 1372 2452 status
1396 2413 1635 2450 condicionem
1700 2415 1702 2418 ’

233 2478 505 2523 complectatur,
537 2478 642 2514 istam
677 2481 918 2516 condicionem
948 2479 1109 2524 legitime
1143 2477 1311 2513 adverbio
1344 2474 1568 2522 significari;
1591 2473 1635 2508 de
1696 2488 1702 2505 ι

233 2550 302 2583 quo
325 2551 392 2574 usu
414 2539 566 2575 diximus
589 2541 634 2575 ad
658 2541 764 2576 Catil.
787 2543 918 2584 LVIII,
940 2541 977 2577 9.
1011 2552 1047 2585 Ρ.
1071 2538 1142 2574 306
1157 2550 1209 2583 sq.
1242 2541 1277 2572 et
1312 2538 1358 2572 ad
1392 2538 1471 2583 lug.
1495 2536 1572 2578 vu,
1593 2534 1631 2570 6.

233 2602 353 2645 Quare
375 2601 466 2637 haee
489 2601 541 2637 ita
575 2601 770 2646 capienda:
805 2603 885 2639 dass
916 2601 977 2636 ich
1007 2600 1147 2635 fiberau
1178 2600 1215 2633 in
1241 2599 1336 2634 einer
1358 2597 1534 2633 eicherern
1561 2595 1632 2630 Lo-

232 2671 281 2707 ge
306 2662 375 2696 bin.

328 2723 361 2764 §-
393 2722 451 2757 12.
495 2723 785 2769 praedicantem]
818 2725 871 2758 De
895 2725 1069 2767 potestate
1098 2719 1205 2754 huius
1237 2718 1338 2753 verbi
1370 2729 1405 2752 v·
1439 2717 1485 2751 ad
1523 2715 1628 2751 catil.

234 2783 393 2828 xnvul,
418 2785 451 2821 9.
475 2797 510 2829 p.
531 2784 611 2820 225.
634 2803 679 2810 —
703 2785 760 2820 sic
794 2787 877 2819 ante
900 2782 1152 2818 existumabant
1186 2791 1255 2824 quo
1287 2778 1422 2814 dicendi
1447 2789 1512 2812 usu
1535 2775 1629 2820 posi·
1692 2781 1698 2797 ⁴-

1684 2839 1698 2863 r}
