1716 2996
227 164 316 204 6⁰4
448 223 450 228 ,
594 160 641 203 C.
680 159 1000 205 SALLUSTI
1041 161 1267 206 CRISPI

230 293 307 324 ma
336 277 420 323 fuit
455 281 559 323 ante
597 276 720 323 diem
754 277 980 338 colloquio
1016 278 1279 338 decretum,
1312 278 1498 331 Maurus
1531 285 1618 330 ad·-

227 376 378 422 hibitis
414 376 591 435 amicis,
627 391 682 421 ac
713 376 886 434 statim,
921 377 1151 422 immutata
1186 379 1439 438 voluntate,
1473 396 1620 428 remo-

228 475 308 530 tis,
348 473 511 517 «licitur
551 488 706 518 secum
749 474 848 534 ipSe
883 475 1024 520 multa
1066 476 1326 536 agitavisse,
1359 478 1486 523 voltu
1516 493 1620 524 cor·-

226 571 353 630 poris
396 570 568 631 pariter
613 576 750 631 atque
792 572 942 616 animo
983 574 1157 628 varius;
1201 589 1319 633 quae
1347 576 1619 621 scilicet'ta-

187 673 359 718 4cente
413 667 515 728 ipso
580 669 759 714 occulta
823 670 1020 730 pectoris
1086 672 1366 732 patefecisse.
1442 673 1620 720 Tamen

224 771 460 828 postremo
497 765 670 811 Sullam
705 769 915 813 accersiri
949 770 1099 828 iubet,
1140 775 1186 814 et
1220 785 1276 815 ex
1311 770 1404 816 eius
1439 777 1618 816 senten-

187 865 288 917 5tia
314 862 538 908 Numidae
572 863 748 909 insidias
783 865 939 910 tendit.
1009 866 1202 920 Deinde,
1232 868 1310 913 ubi
1345 867 1439 913 dies
1476 868 1619 914 adve-

223 963 302 1021 nit,
339 966 384 1007 et
415 961 456 1006 ei
488 963 746 1014 nunciatum
782 967 848 1012 est
881 963 1149 1026 Iugurtham
1182 963 1307 1010 haud
1341 965 1504 1027 procul
1531 966 1616 1012 ab·-

221 1120 356 1155 habent
379 1121 494 1164 voltu,
523 1122 675 1167 colore
708 1133 758 1157 ac
788 1125 912 1157 motu
937 1122 1105 1167 eorporis,
1128 1133 1220 1167 quae
1246 1121 1367 1168 inepta
1390 1121 1617 1167 interpolatio

219 1193 266 1217 eo
289 1186 366 1216 crta
389 1186 462 1224 est,
497 1183 590 1226 quod
621 1183 787 1218 librarios
821 1183 981 1229 fugiebat
1007 1183 1091 1227 quid
1115 1187 1204 1218 esset
1233 1185 1346 1220 voltus
1370 1185 1533 1230 corporis.
1575 1184 1618 1219 Ῑιι

218 1247 388 1288 promptu
420 1246 472 1276 est
505 1248 645 1286 autem,
681 1243 877 1289 genitivum
918 1245 1068 1288 corporis
1108 1245 1352 1278 tautummodo
1388 1244 1617 1289 appositionis

216 1303 339 1349 gratia
370 1303 548 1338 adiectum
581 1304 700 1338 fuisse.
755 1303 930 1338 Nimirum
961 1305 1006 1338 ad
1029 1315 1168 1339 sensum
1191 1304 1390 1340 sufficiebat
1411 1307 1531 1346 volcu‚·
1555 1305 1616 1340 sed

215 1377 288 1410 quo
312 1365 441 1399 clarius
463 1369 609 1398 externa
632 1369 891 1408 opponerentur
911 1365 1078 1408 internis,
1111 1365 1196 1410 quia
1217 1367 1375 1411 sequitur
1399 1367 1533 1409 animo,
1557 1366 1615 1401 cui

216 1425 379 1471 legitime
415 1425 600 1469 respondet
631 1436 774 1469 corpus,
809 1425 900 1459 haee
933 1425 1011 1468 ipse.
1033 1436 1101 1460 vox
1123 1438 1203 1461 cum
1227 1428 1322 1461 voltu
1345 1426 1528 1462 coniuncta
1550 1431 1613 1462 est.

219 1487 386 1522 ceterum
418 1488 515 1521 voltu
546 1486 644 1520 haud
673 1486 779 1520 dubie
808 1485 984 1530 significat
1013 1487 1130 1529 oculis,
1159 1487 1250 1521 unde
1271 1487 1379 1522 simul
1403 1487 1615 1533 intelligitur

217 1560 282 1583 eur
314 1551 439 1583 auctor
469 1559 538 1581 non
569 1547 724 1590 potuerit
750 1546 955 1592 simpliciter
987 1547 1104 1582 dicere
1136 1559 1324 1592 corpore
1342 1559 1380 1593 p·
1405 1560 1440 1584 α.
1465 1549 1614 1584 animo

217 1611 362 1651 varim,-
387 1620 470 1643 nam
502 1607 539 1642 in
569 1607 633 1642 tali
664 1608 834 1643 sententia
864 1609 1015 1655 cor-proris
1047 1608 1143 1643 notio
1167 1620 1231 1653 per
1254 1621 1291 1644 se
1313 1609 1418 1644 nimis
1440 1620 1536 1655 vagu
1558 1611 1614 1644 fo-
1659 1615 1667 1631 s

214 1674 284 1707 ret.
305 1691 352 1697 —-
389 1671 488 1713 Quae
511 1669 535 1703 i.
562 1680 595 1703 e.
619 1680 707 1713 quas
733 1680 809 1710 reS,
841 1681 967 1713 nempe
991 1670 1219 1704 remotionem
1242 1670 1440 1706 amicorum
1462 1671 1612 1716 repenti-

213 1743 308 1772 nam,
334 1732 429 1776 quod
452 1742 570 1766 secum
591 1730 665 1774 ipse
686 1731 783 1765 solus
806 1732 919 1765 multa
942 1731 1151 1776 agitaverit,
1177 1732 1270 1775 quod
1293 1731 1427 1766 voltum
1452 1735 1614 1766 mutave·-

212 1795 282 1836 rit,
315 1805 359 1828 ea
392 1793 508 1827 omnia
537 1796 602 1828 etc.
635 1792 750 1826 conr.
815 1793 918 1826 Hanc
950 1793 1092 1836 planam
1123 1792 1330 1827 sententiam
1359 1802 1428 1826 non
1461 1792 1613 1827 assecuti

211 1854 322 1899 Bipp.
348 1853 498 1898 pessima
522 1853 724 1887 coniectura
746 1853 864 1886 locum
888 1857 1126 1897 corruperunt,
1151 1865 1241 1898 quae
1261 1864 1451 1897 pronomen
1473 1854 1612 1889 maian-

212 1919 266 1950 tes
289 1915 326 1950 in
348 1927 419 1960 qua
443 1926 492 1958 re,
517 1924 559 1948 uc
582 1914 712 1948 scilicet
736 1925 815 1947 cum
841 1915 958 1949 verbis
981 1919 1118 1950 tacente
1140 1915 1213 1959 ipso
1236 1913 1496 1959 coniungentes.
1520 1914 1612 1958 Qui-

212 1976 268 2010 vis
293 1970 389 2018 enim,
410 1976 515 2011 facile
539 1975 653 2018 videt,
687 1975 805 2009 verbis
828 1975 878 2010 ita
901 1975 1098 2010 constitutis
1127 1975 1334 2019 patefecisse
1357 1976 1504 2009 verbum
1526 1975 1611 2010 sub-

210 2038 343 2072 iectum
369 2038 503 2072 habere
526 2037 701 2079 Bocchum
715 2061 726 2078 ,
750 2047 902 2079 quocum
925 2037 1024 2071 nullo
1047 2036 1152 2070 modo
1176 2035 1357 2070 conciliari
1379 2040 1521 2081 possunt
1543 2037 1606 2072 ab·

210 2099 315 2134 lutivi
339 2098 509 2141 absoluti,
541 2097 667 2141 quibus
693 2097 786 2131 idem
811 2103 917 2142 atque
938 2098 1132 2142 primariae
1157 2097 1392 2139 enunciationi
1413 2097 1609 2132 subiectum

211 2162 275 2194 est.
300 2180 344 2186 —-
378 2161 538 2201 Scilicet,
562 2159 654 2192 unde
690 2159 815 2202 pendet
849 2158 1069 2193 accusativus
1099 2168 1180 2191 cum
1203 2157 1390 2201 infinitivo,
1413 2158 1607 2194 illustravi-

211 2228 293 2252 mus
316 2217 361 2251 ad
385 2229 415 2253 c.
440 2219 516 2263 cn,
539 2219 574 2254 9.
629 2219 719 2258 Eius
742 2221 794 2254 rei
815 2220 1037 2264 ignoratione
1061 2219 1196 2253 factum
1218 2222 1283 2263 est,
1309 2223 1348 2254 ut
1369 2219 1407 2252 in
1430 2219 1607 2254 nonnullis

211 2279 313 2313 codd.
339 2280 524 2315 adderetur
546 2282 695 2323 dicitur,
718 2281 756 2315 in
779 2281 860 2315 eliis
884 2281 983 2315 fieret
1011 2281 1271 2325 patefecissent,
1305 2279 1343 2314 in
1365 2280 1444 2315 aliis
1463 2282 1607 2324 patefe-

172 2340 181 2352 ’
211 2340 271 2375 cit.
293 2357 341 2365 --
379 2341 522 2377 Occulta
553 2343 704 2388 pectoris
734 2352 856 2376 veram
889 2353 965 2376 esse
997 2340 1208 2385 scripturam
1238 2353 1309 2375 non
1339 2341 1454 2375 solum
1486 2351 1606 2375 sensus

208 2400 286 2445 ipse
301 2400 441 2445 probat,
466 2404 526 2436 sed
551 2404 779 2438 confirmatur
803 2403 910 2437 etiam
934 2401 1134 2437 testimonio
1161 2401 1260 2436 codd.
1286 2402 1400 2437 Palat.
1423 2403 1458 2438 4.
1473 2402 1604 2436 Frauc.

150 2475 155 2484 ·
209 2461 310 2496 Leid.
335 2461 379 2497 B.
402 2462 445 2496 1).
478 2464 520 2500 Ε.
553 2465 669 2502 Mark.
700 2468 743 2501 Α.
779 2465 899 2499 Struv.
933 2465 1043 2509 Berg.
1073 2463 1146 2498 luc.
1168 2463 1204 2498 2.
1230 2462 1371 2497 Fabric.
1395 2462 1428 2496 1.
1453 2461 1602 2495 Eceard.

210 2522 329 2557 Guelf.
361 2521 395 2556 6.
427 2522 463 2558 7.
494 2524 553 2560 12.
587 2525 690 2559 Misn.
714 2526 835 2560 Berol.
859 2525 893 2559 2.
941 2526 981 2560 lu
1004 2524 1127 2558 ceteris
1149 2522 1399 2559 incredibiliter
1420 2524 1604 2566 corruptus

208 2587 264 2618 est
283 2583 343 2617 hic
366 2584 486 2627 loeus3
520 2585 584 2619 alii
613 2586 706 2620 enim
736 2588 869 2622 habent
897 2587 1032 2622 occulta
1055 2585 1148 2628 oris,
1180 2584 1243 2619 nni
1266 2585 1439 2619 occultare
1462 2588 1496 2619 et
1519 2584 1601 2626 oris,

210 2644 275 2680 alii
299 2647 435 2680 occulta
457 2646 568 2680 cordis
591 2652 625 2682 et
651 2648 740 2691 oris,
766 2648 830 2682 alii
854 2649 1026 2681 occultare
1049 2646 1160 2690 specie
1184 2644 1274 2686 oris,
1295 2645 1358 2680 alii
1383 2646 1519 2679 occulta
1539 2655 1602 2689 pe-

210 2706 414 2739 ctoris-oris
435 2706 696 2751 immutatione,
729 2707 795 2742 alii
817 2706 992 2745 occultare
1014 2710 1048 2741 et
1071 2704 1141 2740 oris
1163 2706 1427 2750 immutatione,
1449 2704 1514 2741 ulii
1535 2704 1602 2740 ali-

210 2771 277 2811 ter,
299 2766 363 2802 sed
383 2765 449 2808 ita.
471 2773 511 2804 ut
532 2768 676 2813 ineptiis
699 2767 819 2803 omnia
841 2767 932 2804 iuter
956 2778 996 2803 se
1017 2769 1160 2802 certent.
