1702 2982
423 166 787 213 IUGURTHA.
844 167 973 211 GAP.
1002 166 1125 211 XIII.
1424 173 1482 213 67
1511 166 1533 211 J

89 283 279 328 vinciam
312 298 368 328 ac
401 282 568 330 deinde
600 284 798 329 Romam
824 284 1065 330 contendit.
1109 283 1234 329 Tum
1262 283 1514 346 Iugurtha5

87 381 273 441 patratis
292 381 485 426 consiliis
502 387 747 443 postquam
776 382 922 426 omnis
943 381 1185 427 Numidiae
1205 382 1483 442 potiebatur,

85 477 135 522 in
180 477 275 522 otio
323 477 494 523 facinus
538 493 667 522 suum
711 493 816 523 cum
857 479 1010 523 animo
1062 484 1278 538 reputans
1321 479 1480 524 timere

88 574 312 634 populum
351 574 611 619 Romanum
653 590 802 634 neque
848 575 1064 621 advorsus
1111 576 1223 620 iram
1265 575 1361 621 eius
1400 591 1479 620 us-

87 685 226 729 quam
261 671 341 717 nisi
368 672 415 716 in
450 672 633 716 avaritia
660 672 901 717 nobilitatis
941 679 986 717 et
1012 672 1206 734 pecunia
1233 688 1314 718 sua
1349 688 1480 733 spem

88 863 291 909 provinciae
310 865 455 900 redacta
476 866 571 900 nudo
589 866 790 910 provinciae
810 866 950 901 nomine
970 867 1227 912 appellabatur.
1250 867 1296 901 cf.
1313 867 1424 909 XXV,
1443 866 1480 903 5.

87 937 194 975 quara
222 926 386 960 ocissume
419 927 468 961 ad
496 927 791 972 provinciam
825 929 983 963 accedat.
1018 929 1183 971 XXXIX,
1207 927 1241 962 4.
1264 940 1347 962 nara
1371 929 1482 963 omnis

88 987 259 1022 exercitus
290 987 458 1023 Numidia
482 989 682 1023 deductus·
669 1001 706 1022 m
731 989 981 1033 provincia
1006 989 1196 1024 hiemabat.
1222 989 1332 1032 LXII,
1357 989 1391 1023 1.
1428 990 1482 1023 De

87 1057 128 1081 re
151 1058 187 1082 V.
216 1047 323 1082 etiam
346 1048 437 1083 Vell
459 1049 597 1084 Patere.
621 1049 665 1091 II,
693 1047 752 1090 38,
777 1047 813 1083 3.
837 1048 951 1083 Con-r.
979 1068 1018 1074 —
1052 1049 1123 1083 Pro
1148 1051 1324 1085 contendit
1346 1050 1482 1085 Nouius

88 1107 145 1150 lv,
163 1107 222 1142 68.
244 1108 354 1143 habet
378 1110 600 1153 contendere,
626 1108 720 1154 quod
742 1120 806 1152 per
827 1113 866 1144 se
887 1109 1028 1153 quidem
1053 1109 1137 1143 terri
1161 1111 1290 1154 possit,
1313 1111 1373 1145 sed
1396 1111 1481 1145 infi-

86 1168 200 1204 nitivo
222 1169 345 1204 eodern
367 1169 428 1204 vix
451 1180 656 1216 praegresso
688 1170 875 1203 molestum
899 1170 959 1211 fit3
990 1170 1035 1203 cf.
1058 1170 1102 1204 ad
1127 1170 1203 1204 Cat.
1229 1171 1294 1214 IX,
1312 1170 1344 1204 4.
1370 1182 1403 1215 p.
1423 1170 1481 1205 49.

88 1229 240 1264 Omnino
261 1233 380 1264 antem
403 1230 534 1265 Nonius
564 1231 634 1264 hoc
664 1229 863 1274 Iugurthae
894 1233 1009 1276 caput
1031 1230 1264 1276 negligentius
1293 1231 1483 1275 inspexisse

87 1290 244 1333 videtur,
267 1302 376 1335 quum
398 1289 530 1325 ibidem
554 1291 664 1324 verba
687 1290 860 1325 secundae
881 1293 915 1333 §.
941 1290 991 1325 sic
1014 1291 1149 1326 laudet·
1173 1292 1267 1327 omni
1291 1292 1483 1327 Numidiae

86 1351 259 1397 imperare
281 1363 299 1386 a
305 1340 466 1397 perat
489 1361 552 1394 pro
571 1356 694 1395 parat.

180 1413 214 1455 §-
239 1411 275 1447 5.
319 1416 502 1457 postquam
521 1413 630 1447 omnis
646 1412 840 1446 Numidiae
860 1411 1077 1457 potiebatur]
1101 1413 1203 1446 Haec
1226 1413 1346 1454 verba,
1370 1411 1482 1446 omui-

85 1473 263 1509 buacodd.
284 1473 430 1519 egregie
446 1473 599 1516 firmata,
622 1473 762 1507 Cottius
785 1478 952 1517 tauquam
967 1472 1205 1515 turpissimam
1227 1474 1384 1518 glossam
1408 1473 1485 1507 eie-

86 1533 157 1575 eit,
181 1533 264 1576 quia
286 1545 389 1567 sensu
421 1533 528 1577 plane
559 1545 628 1566 non
651 1533 816 1567 differant
848 1544 870 1567 a
899 1532 1114 1577 praegressis
1143 1534 1299 1577 patratis
1321 1535 1483 1569 consiliis.

88 1592 299 1627 Gerlachius
317 1593 460 1628 retinuit
482 1593 642 1637 quidem,
667 1593 728 1627 sed
752 1593 923 1627 sententia
942 1604 1010 1627 nou
1034 1598 1216 1638 perspecta
1238 1605 1409 1638 perquam
1431 1583 1485 1629 le-

88 1653 179 1688 viter
201 1652 238 1687 in
261 1654 298 1687 h.
318 1654 343 1687 I.
367 1653 570 1698 explicando
593 1658 750 1688 versatus
774 1657 837 1688 est.
882 1653 951 1687 His
974 1654 1068 1688 enim
1091 1654 1219 1698 verbis,
1243 1665 1335 1698 quae
1357 1666 1485 1700 paren-

88 1713 198 1749 thesis
219 1712 324 1759 aig-uo
346 1714 513 1756 inclusit,
539 1713 747 1749 Sallustium
780 1714 1018 1749 antecedentia
1041 1715 1218 1759 explicare
1240 1715 1395 1750 voluisse
1413 1720 1485 1751 sta—

88 1773 175 1818 tuit,
205 1785 252 1808 ne
279 1773 359 1818 quis
390 1780 489 1819 patr.
516 1787 607 1810 cona.
629 1775 674 1810 (le
707 1775 813 1810 caede
835 1775 1053 1819 Hiempsalis
1080 1780 1115 1810 et
1137 1776 1180 1810 de
1203 1775 1304 1809 clade
1327 1786 1370 1810 ac
1394 1777 1486 1821 fuga

86 1833 297 1871 Adherbalis
321 1833 544 1881 intelligeret.
570 1837 692 1881 ..Quae
714 1836 849 1880 periodi
871 1836 1055 1871 struendae
1073 1819 1166 1870 ratio
1189 1842 1261 1870 uta
1276 1836 1485 1872 Latinorum

86 1906 155 1931 usu
178 1896 284 1940 plane
308 1896 498 1941 abhorret,
530 1896 582 1933 ita
606 1908 647 1931 eo
671 1896 871 1941 perversior
903 1900 978 1938 est,
1008 1896 1102 1940 quod
1128 1897 1340 1931 Gerlachius
1363 1909 1486 1933 veram

87 1955 158 1990 loci
182 1955 474 1999 explicationem,
507 1968 530 1992 a.
559 1959 600 1992 V.
624 1959 672 1993 D.
702 1958 739 1992 in
771 1958 921 1994 Miscell.
954 1956 1056 1990 Obss.
1080 1957 1227 1991 Amstel.
1252 1958 1329 1991 Vol.
1353 1958 1411 1991 v1.
1435 1959 1484 1993 T.

88 2015 124 2057 2,
143 2016 180 2050 2.
200 2028 235 2060 p.
251 2015 321 2050 318
342 2028 391 2060 sq.
414 2016 610 2060 proditam,
633 2022 803 2063 tauquam
825 2030 894 2052 noa
916 2019 1004 2052 satis
1026 2017 1227 2051 concinnam
1250 2018 1393 2063 respuit,
1418 2031 1483 2055 sua

89 2073 180 2110 nihil
209 2075 446 2111 inconcinnius
478 2089 553 2111 esse
583 2090 652 2112 non
686 2079 979 2116 animadvertens.
1028 2078 1180 2112 Consilia
1212 2079 1307 2113 enim
1330 2080 1483 2127 intelligi

90 2134 134 2168 de
161 2135 238 2169 irae
267 2136 407 2180 odiique
428 2137 465 2171 in
497 2138 624 2173 fratres
648 2140 809 2183 explendi
839 2139 956 2174 studio
988 2139 1066 2183 quis
1098 2150 1167 2173 non
1198 2139 1315 2184 videt,
1347 2142 1483 2175 collatis

87 2195 343 2240 superioribus,
366 2207 397 2230 c.
423 2197 485 2238 XI,
508 2197 541 2232 S.
562 2198 596 2233 9.
621 2203 656 2234 et
680 2200 778 2242 XIII,
801 2200 868 2235 L?
902 2201 1059 2235 'rantum
1080 2199 1193 2244 igitur
1215 2201 1325 2243 abest,
1348 2206 1387 2236 ut
1403 2211 1483 2236 ver-

15 2283 19 2287 .
87 2255 144 2291 bis
174 2261 289 2301 μετ’.
321 2267 387 2291 om.
427 2257 527 2291 Num.
561 2264 636 2304 pot.
666 2260 761 2294 idem
793 2272 913 2295 seusus
945 2259 1008 2300 sit,
1050 2263 1091 2293 ut
1123 2259 1289 2295 ablativis
1320 2272 1362 2295 ea
1391 2273 1481 2306 quae

86 2317 242 2361 proxime
268 2322 354 2352 ante
377 2316 598 2361 agitaverat,
629 2331 788 2364 quaeque
819 2322 939 2365 paullo
962 2322 1042 2364 post
1063 2318 1100 2353 in
1123 2320 1387 2365 flagrantiorem
1412 2322 1481 2357 inu-

86 2376 178 2421 perii
200 2377 397 2422 cupidinem
420 2384 626 2423 eruperant,
647 2379 940 2425 significarentur.
986 2381 1026 2414 Id
1050 2380 1156 2414 sensit
1179 2381 1285 2416 etiam
1310 2383 1479 2428 Langius,

86 2448 271 2486 perperam
295 2442 415 2473 tamen
446 2441 650 2485 potiebatur
672 2440 919 2486 interpretatus
949 2441 1084 2486 potitus
1113 2446 1208 2484 crat,
1241 2444 1333 2487 quod
1367 2454 1480 2487 aeque

88 2497 223 2542 dicendi
248 2499 388 2544 legibus
417 2504 525 2545 atque
557 2501 663 2535 huius
687 2501 758 2535 loci
780 2501 895 2535 sensui
919 2507 1102 2548 repugnat.
1149 2504 1360 2548 Imperfecto
1384 2504 1477 2539 enim

44 2592 45 2597 ,
87 2569 111 2593 a
133 2565 318 2603 postquam
342 2564 424 2604 apto
447 2573 555 2605 quum
589 2561 728 2606 incepta
760 2562 866 2596 modo
889 2573 944 2596 res
968 2567 1003 2597 et
1025 2564 1071 2597 ab
1098 2563 1206 2597 initiis
1237 2564 1308 2597 suis
1331 2564 1479 2599 ulterius

86 2620 311 2664 progrediens
333 2621 554 2666 designetur,
578 2627 736 2666 apertum
760 2626 812 2656 est
834 2634 973 2657 sensum
996 2635 1091 2658 esse:
1114 2635 1218 2668 quum
1244 2625 1323 2669 Ing.
1345 2626 1478 2667 fratri-

88 2679 150 2712 Ima
172 2681 341 2724 oppressis
365 2682 474 2716 omnis
500 2681 691 2717 Numidiae
717 2683 941 2727 occupandae
969 2685 1106 2718 initium
1127 2685 1273 2727 fecisset
1302 2685 1338 2717 in
1371 2695 1476 2728 eoque

88 2745 215 2776 matu
227 2746 405 2786 pergeret.
451 2742 521 2786 Qui
543 2742 740 2787 imperfecti
765 2756 847 2779 usus
871 2756 978 2788 quum
1002 2756 1070 2778 non
1093 2744 1181 2777 satis
1203 2743 1329 2788 respici
1351 2745 1475 2782 soleat,

1082 2814 1196 2857 ᾖ*
