1716 2996
250 137 310 178 36
866 129 1041 173 INDEX

255 246 437 283 Genitivus
454 244 605 291 pluralis
628 243 764 288 primae
786 236 972 277 declinjin
991 239 1172 278 adiectivis
1185 249 1364 285 nunqnam
1384 238 1456 276 exit
1477 239 1515 276 in
1527 250 1640 281 —um‚

345 304 373 338 1.
396 302 454 342 23,
477 303 512 337 2.
1478 308 1481 311 ’

256 361 439 397 Genitivus
461 359 653 406 singularis
689 359 878 392 verborum
913 356 1086 392 secundae
1119 355 1246 391 declin.
1275 355 1314 390 in
1343 355 1443 395 —ius
1471 357 1506 389 et
1526 355 1642 390 -ium

344 418 546 452 exeuntium
568 428 638 450 non
662 417 787 460 duplex
811 416 825 449 ἰ
846 416 967 458 habet,
991 415 1030 449 C.
1054 414 1088 456 1,
1111 414 1148 448 3.

257 477 440 512 Genitivus
459 475 610 520 pluralis
639 475 811 509 secundae
848 472 974 507 declin.
1009 482 1141 517 graeca
1169 468 1417 505 terminatione
1446 467 1484 502 in
1507 480 1552 502 on
1584 468 1644 502 dc-

346 532 475 574 sinens,
498 533 524 567 1.
549 531 605 573 19,
622 531 658 566 3.
1568 560 1571 562 .

259 591 442 625 Genitivus
460 590 610 635 pluralis
636 589 763 624 tertiae
786 587 911 623 declin.
934 585 1116 621 nominum
1138 584 1176 619 in
1196 595 1236 620 us
1261 582 1462 618 exeuntium
1483 586 1521 618 et
1542 595 1646 618 —um

349 650 385 682 et
406 647 523 681 —ium
546 648 667 689 habet,
692 647 730 681 G.
753 646 812 690 40,
836 646 871 680 2.

258 706 439 742 ίῖεπίιίυιιο
455 706 606 751 pluralis
631 705 754 740 tertiae
777 703 899 738 declin.
929 702 1119 737 verborum
1142 699 1180 733 in
1196 710 1302 733 -ens
1322 698 1589 733 terminatorum
1611 699 1647 732 et

348 775 452 798 —um
474 767 510 798 et
534 765 650 798 —ium
672 764 793 804 habet,
818 763 858 796 G.
880 761 937 802 11,
961 761 996 796 8.
1044 760 1103 804 51,
1122 757 1157 791 9.

261 822 444 858 Genitivus
466 821 657 867 singularis
683 824 830 865 quartae
853 817 977 851 neclin.
1003 816 1040 851 in
1064 818 1124 851 -ἰ
1147 815 1315 856 desinens,
1338 814 1378 848 C.
1401 813 1458 856 33,
1466 813 1502 848 3.
1539 811 1596 855 59,
1613 813 1646 849 5.

261 880 443 916 Genitiuus
467 877 658 925 singularis
682 877 823 920 quintae
838 874 961 909 deciin.
986 875 1023 908 in
1047 886 1112 909 —e
1135 873 1304 916 desinens,
1328 873 1353 906 1.
1379 873 1436 906 21.
1460 872 1495 906 2.
1540 871 1597 915 43,
1612 872 1648 907 2.

350 934 407 979 51,
430 936 465 971 2.
513 935 572 978 52,
594 934 630 969 3.
675 934 735 977 97,
758 934 795 968 3.
816 953 863 959 —
886 933 1007 976 Neque
1027 937 1146 966 tamen
1169 932 1311 975 ubique,
1334 931 1362 964 Ι.
1385 930 1466 972 106,
1488 930 1524 964 2.

263 996 445 1031 Genitivus
466 993 658 1040 singularis
685 990 850 1028 adiectivi
871 991 984 1024 nullus
1005 989 1042 1023 in
1065 991 1078 1024 i
1105 994 1140 1024 ct
1163 1002 1206 1024 ac
1230 989 1398 1029 desinens,
1423 988 1461 1022 C.
1484 987 1542 1030 29,
1567 978 1602 1021 3.

263 1053 446 1088 Geuitivus
471 1051 620 1096 pluralis
646 1050 892 1095 pronominum
914 1049 1038 1089 nostri,
1058 1048 1178 1089 vostri,
1202 1039 1317 1080 nulius
1339 1050 1401 1088 cst,
1426 1046 1466 1082 C.
1487 1045 1546 1089 33,
1569 1047 1602 1081 2.

263 1110 419 1145 (ἶεπίιίυἰ
444 1107 586 1153 propria
609 1111 773 1151 potestas,
801 1107 840 1141 C.
864 1106 900 1150 6,
918 1105 954 1140 7
1001 1106 1109 1147 11,7.
1156 1106 1188 1139 1.
1211 1104 1270 1147 81,
1292 1104 1327 1138 3.
1432 1103 1434 1105 ’

265 1168 449 1203 Genitt'vus
477 1177 519 1200 ex
543 1165 729 1209 participio
754 1165 905 1209 pendens
929 1175 1029 1197 sensu
1052 1163 1172 1196 differt
1195 1162 1241 1196 ab
1266 1161 1476 1204 accusativo,
1499 1162 1539 1196 C.
1561 1161 1597 1204 5,
1613 1162 1649 1199 3.

264 1226 448 1261 Genitivus
472 1222 680 1257 substantivi
707 1227 742 1256 et
763 1221 942 1266 participii
965 1220 1075 1255 futuri
1098 1231 1191 1265 pass.
1215 1231 1259 1253 ex
1284 1230 1356 1254 esse
1378 1221 1486 1254 verbo
1501 1221 1651 1265 pendens

355 1281 439 1327 quid
460 1279 645 1325 significet,
669 1279 708 1313 C.
733 1278 768 1322 6,
791 1279 825 1313 7.
873 1280 900 1313 1.
926 1278 984 1320 88,
1006 1277 1054 1321 4.μ

266 1337 464 1377 Geuitivus'
479 1348 559 1372 cum
593 1335 775 1371 adiectivis
809 1335 1007 1371 indefinitae
1035 1333 1216 1380 potestatis
1241 1332 1462 1378 coniunctus,
1495 1337 1534 1371 C.
1559 1337 1593 1377 7,
1615 1337 1650 1372 6.

355 1395 416 1439 52,
437 1394 496 1430 36.
541 1394 569 1428 1.
594 1392 654 1436 84,
669 1393 705 1427 2.

254 1446 450 1492 'Genitivus
474 1451 717 1498 pronominum
747 1449 981 1494 personalium
1005 1459 1050 1484 cx
1072 1450 1243 1495 ger-undio
1264 1450 1413 1494 pendens
1435 1451 1526 1494 quod
1549 1461 1651 1486 accu-

356 1511 510 1548 sativum
532 1508 636 1553 regit,
660 1507 701 1542 C.
721 1506 780 1549 31,
801 1505 836 1541 5.
1222 1518 1225 1521 -

270 1570 454 1608 Genitivno
476 1567 627 1613 pendens
649 1577 692 1600 ex
714 1565 843 1600 omisso
866 1565 1039 1600 vocabulo
1064 1566 1168 1600 aedes
1193 1565 1251 1599 vel
1273 1565 1449 1610 templum,
1474 1566 1513 1601 C.
1536 1566 1594 1610 49,
1617 1567 1653 1604 5.

270 1628 454 1665 Genitivus
478 1624 671 1661 obiectivus
693 1624 855 1668 passivae
876 1622 1069 1668 potes-atatis,
1093 1623 1131 1657 C.
1156 1621 1213 1663 52,
1228 1622 1263 1657 6.
1309 1623 1336 1656 1.
1361 1621 1417 1663 14,
1434 1622 1490 1660 19.

270 1686 454 1722 Genitivus
476 1681 688 1718 subiectivus
708 1682 844 1716 activae
867 1680 1060 1726 potestatis,
1084 1681 1111 1714 1.
1133 1679 1192 1721 70,
1215 1679 1249 1713 3.

272 1744 455 1780 Genitivus
480 1739 661 1776 nominum
683 1738 830 1782 pluralis
864 1749 945 1773 cum
975 1737 1155 1773 adiectivis
1187 1737 1404 1772 substantive
1431 1738 1552 1782 positis
1574 1752 1656 1775 con-

360 1801 511 1841 iunctus,
535 1799 576 1833 C.
598 1795 658 1839 53,
679 1795 714 1831 5.

273 1860 456 1896 Genitivue
482 1856 727 1902 pronominum
748 1851 984 1904 personalium
1006 1851 1265 1896 obiectivus,1.
1286 1850 1342 1894 80,
1365 1851 1399 1888 3.

274 1918 457 1954 Genitivus
482 1913 630 1949 nominis
653 1912 821 1948 abstracti
843 1923 885 1946 ex
908 1923 980 1947 esse
1001 1910 1151 1955 pendens
1172 1909 1247 1945 sine
1270 1910 1387 1955 ellipsi
1409 1912 1505 1949 vocis
1519 1915 1659 1962 signum

364 1977 427 2010 aut
446 1971 585 2013 similis,
603 1971 632 2007 1.
651 1970 714 2023 83
738 1970 771 2004 1

276 2032 458 2068 Genitivus
486 2027 639 2064 caussali
660 2027 700 2062 vi
721 2027 864 2072 positus,
889 2028 929 2063 C.
951 2023 990 2074 6,ι
1013 2025 1048 2063 7.

275 2090 458 2125 Genitivus
486 2097 549 2131 pro
574 2087 618 2121 de
641 2097 717 2120 cum
741 2086 896 2120 ablativo
917 2085 1060 2130 positus,
1085 2084 1124 2119 C.
1146 2082 1203 2127 35,
1228 2084 1262 2119 2.
1595 2107 1598 2111 »

277 2147 461 2182 Genitivus
481 2145 674 2190 partitionis
699 2143 760 2177 ubi
785 2136 900 2177 chum
924 2155 994 2178 non
1017 2143 1146 2177 habeat
1168 2146 1245 2186 post
1268 2136 1376 2178 verba
1409 2143 1474 2178 alii
1495 2163 1542 2171 -—
1560 2157 1659 2191 part,

367 2204 394 2238 l.
420 2201 478 2244 19,
501 2202 536 2236 1.
583 2198 641 2243 60,
666 2200 699 2238 8.
745 2199 803 2242 60,
826 2200 860 2235 2.
906 2199 965 2242 74,
990 2200 1022 2236 1.
1069 2199 1149 2241 104,
1171 2200 1206 2235 3.

279 2261 437 2296 Genitivi
459 2259 550 2294 ratio
574 2259 611 2293 in
635 2258 786 2293 dictione
809 2259 943 2304 aliquid
965 2258 1086 2293 relicui
1100 2259 1236 2301 facere,
1260 2258 1300 2292 C.
1328 2257 1384 2300 11,
1407 2257 1442 2293 7.

279 2318 435 2353 Genitivi
457 2315 547 2351 ratio
569 2315 606 2350 in
629 2315 778 2350 dictione
801 2329 869 2350 non
889 2320 942 2350 est
967 2327 1103 2360 operae,
1126 2316 1153 2349 1.
1177 2314 1236 2359 81,
1260 2305 1294 2348 3

280 2374 435 2410 Geuitivi
460 2372 551 2408 ratio
573 2373 610 2408 in
633 2371 784 2407 dictione
806 2374 940 2419 aliquid
961 2373 1059 2418 pensi
1081 2373 1218 2414 habere,
1242 2373 1281 2408 C.
1303 2371 1338 2417 5,
1362 2372 1397 2407 6.

280 2424 436 2467 Genitt'vi
467 2432 535 2466 duo
564 2431 722 2465 diversae
743 2431 908 2465 rectionis
931 2430 1124 2474 coniuncti,
1145 2426 1181 2468 I.
1197 2430 1255 2472 30,
1277 2429 1312 2465 3.
1360 2426 1418 2472 65,
1442 2427 1477 2463 3.
1523 2427 1604 2470 103,
1625 2427 1659 2465 5.

281 2489 454 2526 Genitivis
480 2489 610 2523 duobus
634 2499 678 2522 ex
699 2488 821 2522 eodem
844 2488 982 2523 nomine
997 2487 1234 2532 pendentibus,
1260 2487 1297 2522 id
1315 2497 1447 2522 nomen·
1459 2487 1570 2521 altero
1583 2487 1662 2521 loeo

370 2541 553 2587 omittitur,
581 2547 607 2579 1.
631 2545 690 2587 92,
719 2546 752 2581 4.

283 2605 455 2641 Genitim's
475 2602 688 2638 substantivi
710 2606 746 2637 et
768 2602 935 2638 adiectivi
958 2614 1059 2638 casus
1080 2613 1204 2669 regens
1221 2601 1456 2646 interpositus,
1480 2601 1518 2636 C.
1535 2598 1593 2644 51,
1605 2601 1662 2639 33.

373 2661 403 2696 1.
425 2657 483 2704 20,
505 2659 541 2695 7.

285 2720 446 2756 Genitivo
469 2718 579 2754 etiam
598 2720 773 2764 ponuntur
795 2724 968 2754 terrarum
987 2717 1171 2758 vocabula,
1189 2715 1220 2751 si
1242 2717 1421 2761 quaeritur
1437 2715 1505 2760 ubl,
1521 2716 1547 2751 1.
1559 2712 1619 2760 33,
1628 2715 1662 2752 4.
