1702 2982
167 143 269 221 ι168
555 174 601 217 C.
632 173 956 216 SALLUSTI
986 172 1210 217 CRISPI

188 291 416 353 elephanti
444 291 650 352 triginta,
685 306 824 351 pecus
855 297 991 350 atque
1020 291 1125 349 equi
1153 291 1279 335 multi
1305 305 1409 335 cum
1437 306 1581 352 parvo

190 390 367 451 argenti
421 388 628 449 pondere
697 389 923 446 quaestori
963 367 1228 434 ⁴traduntur.
1318 387 1585 449 Calpurnius

193 488 391 533 Romam
436 485 496 530 ad
542 486 829 546 magistratus
874 486 1103 547 rogandos
1152 485 1465 546 proficiscitur.
1534 487 1586 530 ln

194 583 405 630 Numidia
442 588 488 628 et
523 582 719 656 caercitu
755 590 906 627 nostro
941 598 1032 644 pax
1067 582 1332 643 agitabatur.

195 721 358 761 corrupta
390 728 486 757 esse,
518 718 553 750 et
577 714 692 749 Laelii
722 716 833 750 verba
864 727 936 751 una
966 728 1045 751 cum
1070 711 1232 750 Sallustii
1262 714 1403 750 nomine
1424 714 1591 748 excidisse

196 777 379 811 verissime
410 777 542 811 iudicat
565 777 714 811 Cottius.
763 776 831 811 Per
855 783 1012 812 saturam
1035 777 1146 822 igitur
1168 775 1326 812 adverbii
1351 779 1520 820 potestate
1543 775 1592 810 si-

197 839 391 884 gnificabat
415 841 555 881 conj'use
581 849 622 871 ac
644 837 871 883 perturbate,
903 838 998 872 nullo
1017 838 1163 880 ordine,
1187 838 1297 872 variis
1319 838 1419 872 rebus
1441 837 1534 871 inter
1555 847 1593 871 se

195 900 389 944 permixtis.
406 899 454 933 cf.
470 898 706 933 Diomod.111.
730 910 765 942 p.
783 897 864 933 483.
888 898 1025 933 Charis.
1037 898 1085 933 ll.
1110 911 1145 943 p.
1170 897 1249 932 175.
1275 897 1432 932 Lactant.
1443 898 1472 939 Ι,
1491 896 1594 939 22,3.

199 960 324 993 Festus
336 960 359 993 Ι.
376 960 399 994 Ι.
428 959 554 1004 Itaque
570 961 608 994 in
624 960 801 995 sanctione
818 960 936 1004 legum
952 961 1155 994 ascribitur.-
1178 970 1265 994 neve
1285 970 1366 1004 per
1390 964 1596 994 saturam

201 1021 374 1066 abrogato
397 1027 461 1055 aut
485 1021 667 1067 derogato.
692 1039 738 1046 —-
766 1020 807 1056 T.
829 1020 964 1054 Annius
988 1021 1120 1055 Luscus
1144 1021 1181 1054 in
1205 1031 1268 1063 ea,
1292 1030 1396 1065 quam
1420 1019 1507 1053 dia-it
1531 1019 1595 1052 ad-

201 1091 321 1114 versus
351 1081 428 1114 Tib.
456 1081 673 1116 Gracchum.-
708 1081 910 1126 imperium,
944 1083 1036 1127 quod
1058 1081 1174 1126 plebes
1196 1092 1278 1126 per
1299 1085 1509 1115 saturam
1535 1080 1596 1114 de-

202 1141 325 1182 derat,
360 1142 398 1175 id
422 1142 634 1187 abrogatum
658 1146 719 1177 est.
743 1161 790 1167 —
823 1141 1079 1187 Exquirere
1104 1143 1312 1178 sententiam
1335 1141 1445 1176 etiam
1466 1141 1598 1187 leg-itur

202 1214 234 1239 c.
260 1202 435 1246 exus-l.
461 1204 561 1238 Caes.
586 1203 628 1236 B.
655 1204 700 1237 G.
723 1203 792 1244 111,
816 1202 861 1243 3,
886 1205 919 1237 1.
952 1203 1069 1239 Con-r.

297 1265 332 1305 §.
357 1262 393 1297 6.
438 1275 501 1308 pro
527 1264 681 1307 consilio]
717 1262 784 1297 Pro
808 1262 948 1297 Curtius
975 1269 1009 1298 et
1033 1264 1243 1298 Gerlacliius
1266 1264 1360 1298 idem
1384 1273 1459 1297 esse
1481 1262 1600 1297 dicunt

96 1349 99 1351 -
203 1320 310 1367 at'que
336 1324 391 1366 in,
427 1335 516 1368 quae
539 1322 727 1367 explicatio
751 1322 780 1356 si
805 1323 992 1368 vulgarem
1015 1337 1154 1359 sensum
1176 1329 1332 1370 spectas,
1363 1323 1449 1358 ferri
1475 1327 1597 1368 potest,

205 1396 421 1429 quamquam
445 1396 514 1419 nou
537 1389 588 1419 est
611 1395 654 1417 ex
677 1383 945 1428 praepositionis
969 1390 1095 1422 natura
1118 1386 1233 1420 ducta.
1280 1385 1422 1429 Quippe
1443 1396 1509 1429 pro
1533 1386 1602 1418 ali-

206 1457 276 1491 qua
292 1457 331 1480 re
353 1456 427 1480 esse
445 1445 481 1478 id
505 1445 646 1486 dicitur,
669 1444 763 1488 quod
786 1444 836 1479 ita
859 1447 1071 1482 collocatum
1095 1452 1167 1489 est,
1193 1451 1231 1481 ut
1255 1457 1333 1480 eam
1355 1457 1430 1479 rem
1454 1457 1476 1480 a
1500 1450 1601 1490 tergo

207 1507 360 1547 habeat,
391 1506 465 1540 sive
495 1509 535 1539 ut
567 1504 751 1548 utriusque
782 1505 879 1540 frons
912 1509 1036 1542 eodem
1069 1512 1212 1552 spectet.
1257 1508 1358 1552 Quae
1379 1506 1472 1540 ratio
1494 1506 1602 1540 etiam

207 1571 283 1602 tum
310 1567 430 1608 valet,
464 1565 526 1600 ubi
550 1565 684 1608 aliquid
707 1563 746 1598 in
772 1566 950 1602 anteriore
973 1568 1123 1603 alicuius
1147 1569 1196 1603 rei
1221 1571 1320 1612 parte
1341 1570 1521 1608 versatur,
1553 1566 1604 1600 ita

208 1632 248 1663 ut
271 1627 406 1662 relicua
429 1637 540 1670 eaque
564 1626 670 1670 longe
693 1624 821 1658 maior*
831 1625 882 1660 rei
906 1637 988 1672 pars
1011 1640 1102 1673 pone
1125 1629 1211 1663 illud
1237 1628 1295 1672 sit,
1320 1628 1363 1662 (le
1386 1638 1454 1672 quo
1479 1639 1544 1662 usu
1567 1638 1603 1662 v,

209 1688 256 1724 ad
279 1700 309 1722 c.
334 1688 484 1729 LXVII,
509 1686 544 1721 1.
578 1686 662 1720 lude
690 1685 870 1729 profectae
905 1694 983 1723 sunt
1013 1690 1208 1724 locutiones
1241 1690 1355 1724 dicere
1384 1701 1447 1734 pro
1470 1690 1603 1733 rostris,

209 1760 274 1795 pro
293 1749 480 1790 tribunali,
502 1758 566 1793 pro
588 1747 767 1786 concione5
789 1758 872 1780 nam
895 1748 956 1791 qui
982 1750 1020 1783 in
1037 1751 1157 1784 rostris
1181 1750 1291 1784 verba
1315 1749 1421 1792 facit,
1445 1749 1481 1783 in
1508 1754 1606 1784 ante-

212 1810 308 1844 riore
329 1815 428 1855 parte
452 1812 539 1850 stat,
572 1811 687 1842 rostra
710 1807 901 1842 maximam
923 1814 1061 1853 partem
1085 1821 1175 1854 ponc
1199 1810 1329 1851 habet3
1362 1810 1447 1844 item
1477 1810 1539 1854 qui
1566 1811 1606 1844 in

214 1871 374 1906 concione
409 1870 564 1915 loquitur
596 1880 665 1903 non
697 1868 734 1902 in
765 1872 941 1915 postrema
971 1874 1070 1914 parte
1101 1874 1280 1912 versatur,
1314 1871 1375 1905 sed
1394 1871 1532 1915 prodit,
1567 1875 1608 1904 ut

215 1943 337 1967 omues
357 1931 476 1976 ipsum
498 1929 628 1965 intueri
650 1933 686 1964 et
707 1929 830 1964 audire
850 1930 996 1974 possint.
1043 1932 1119 1965 Iam
1136 1931 1300 1965 liberiore
1320 1940 1386 1965 usu
1401 1942 1444 1965 ea
1458 1942 1607 1975 qnoque,

216 2004 308 2038 quae
324 1993 448 2035 fiunt
472 1992 519 2026 ab
541 1990 672 2034 aliquo,
700 1990 761 2034 qui
783 2002 847 2035 pro
869 1991 1002 2033 rostris,
1025 1992 1085 2026 vel
1108 2003 1172 2036 pro
1196 1992 1362 2027 concione
1382 1996 1463 2034 stat,
1489 1992 1608 2027 dicun-

217 2057 276 2088 tur
294 2063 359 2098 pro
383 2053 544 2097 concione
561 2052 606 2095 si
613 2051 703 2093 eri,
736 2051 807 2085 loci
837 2051 1099 2096 comparatione
1120 2063 1143 2087 a
1165 2054 1270 2087 rebus
1292 2053 1353 2087 vel
1375 2053 1530 2098 personis
1563 2053 1609 2088 ad

219 2113 392 2148 actionem
415 2113 596 2147 translata.
640 2111 756 2157 Igitur
777 2116 896 2147 nostro
919 2113 998 2148 loco
1022 2113 1114 2159 quod
1134 2124 1215 2158 pro
1239 2114 1381 2149 consilio
1401 2115 1610 2159 imperatum

221 2179 300 2209 crat
334 2173 477 2218 proprie
507 2173 637 2208 dicitur
657 2178 816 2218 respectu
838 2174 938 2216 eius,
970 2174 1031 2218 qui
1055 2173 1268 2218 imperatum
1283 2174 1515 2222 pronuncians
1538 2174 1612 2220 pri—

221 2246 322 2270 mum
344 2234 483 2269 consilii
514 2235 633 2269 locum
656 2234 860 2277 obtinebat3
892 2235 953 2269 sed
982 2235 1156 2280 frequenti
1180 2237 1355 2272 formulae
1376 2247 1443 2271 usn
1464 2235 1611 2278 factum,

223 2300 263 2331 ut
282 2307 346 2341 pro
369 2295 496 2331 intali
517 2306 608 2330 nexu
631 2295 832 2342 generalem
853 2296 922 2331 loci
945 2295 1143 2339 notionem,
1167 2298 1227 2332 ubi
1249 2296 1382 2343 aliquid
1405 2297 1526 2338 fieret,
1550 2307 1611 2331 oc-

225 2356 376 2402 ciperet,
409 2357 613 2392 oblitterata
647 2356 867 2391 diversorum
896 2356 1056 2391 locorum
1080 2358 1355 2403 comparatione.
1382 2357 1428 2392 cr.
1452 2367 1560 2402 supra
1579 2369 1610 2391 c.

225 2418 334 2459 vm,
351 2417 386 2452 2.
423 2418 517 2452 Gell.
544 2418 616 2460 xl,
639 2417 673 2452 3.
722 2417 906 2461 Pontifices
940 2428 1022 2463 pro
1058 2419 1261 2465 collegio
1297 2418 1497 2455 domuim-
1532 2417 1612 2455 Liv-

184 2503 194 2517 ,
227 2477 518 2519 xxxvl11,.36‚
540 2473 814 2523 §.Supplicotio
837 2478 875 2511 in
898 2479 1052 2513 triduum
1073 2491 1156 2524 pro
1180 2479 1378 2525 collegio
1401 2479 1613 2513 decennis-o-

227 2550 305 2574 rum
328 2539 502 2583 imperata
517 2539 606 2581 fuit.
639 2539 696 2581 lv,
720 2539 778 2581 26,
801 2537 836 2575 9.
863 2539 1008 2572 Tribuni
1025 2540 1190 2573 secedunt
1211 2550 1385 2584 proque
1408 2540 1613 2586 collegio

228 2599 472 2646 pronunciant.
498 2598 654 2632 Gronov.
678 2599 724 2632 ad
749 2599 825 2633 mv.
842 2599 946 2643 xm,
968 2599 1003 2641 ε,
1028 2599 1085 2633 12.
1110 2604 1144 2633 οι
1167 2599 1203 2633 in
1228 2588 1328 2633 obss.
1345 2600 1404 2642 w,
1427 2599 1461 2635 1.
1481 2611 1516 2644 p.
1531 2599 1612 2635 52⁶.

229 2661 286 2697 ed.
311 2660 405 2704 Lips.
440 2659 555 2693 Faber
578 2669 709 2703 negans
731 2670 795 2703 pro
819 2659 887 2693 loci
911 2663 1120 2704 potestatem
1144 2660 1278 2694 habere
1296 2671 1375 2704 pro
1399 2661 1538 2695 consilio
1560 2661 1614 2695 in-

231 2723 443 2763 terpretatur
465 2730 516 2754 ex
540 2720 673 2754 consilii
696 2720 903 2763 decreto,
926 2731 1016 2764 quae
1039 2719 1223 2764 explicatio
1244 2724 1339 2755 certe
1354 2732 1422 2756 non
1437 2722 1614 2766 probatur,

231 2783 271 2815 ut
290 2779 351 2814 ille
371 2783 491 2825 putat,
522 2773 616 2816 Livii
639 2781 800 2824 exemplo
823 2780 893 2822 lv,
915 2779 982 2822 44,
1006 2779 1064 2815 12.
1108 2780 1192 2816 Pro
1216 2782 1356 2828 collegii
1378 2783 1614 2819 sententio
