1702 2982
214 161 279 220 v28
595 159 639 200 C.
671 158 997 203 SALLUSTl
1027 161 1252 206 CRlsP1

220 281 433 334 praetura
469 281 514 317 et
549 276 802 320 consulatus
835 283 971 336 atque
1007 279 1093 322 alia
1122 281 1270 324 omnia
1311 279 1624 327 huiuscemodi

220 387 306 430 per
339 388 387 416 se
423 372 525 432 ipsa
562 373 684 416 clara
721 379 765 417 et
801 375 1045 434 magnifica
1081 377 1189 434 sint,
1226 393 1279 421 ac
1315 393 1404 423 non
1432 379 1622 438 perinde

220 470 496 526 habeantur,
554 477 600 513 ut
637 486 820 529 eorum,
871 473 949 530 qui
986 488 1040 516 ea
1077 475 1315 529 sustinent,
1367 474 1504 520 virtus
1541 484 1618 527 est.

185 567 389 611 9Verum
428 582 517 627 ego
554 567 734 612 liberius
772 569 991 626 altiusque
1035 572 1260 630 processi3
1306 571 1414 616 dum
1450 589 1523 618 me
1558 574 1620 618 ci-

220 666 361 709 vitatis
407 679 581 708 morum
627 665 757 725 piget
802 665 1066 725 taedetque3
1119 683 1238 712 nunc
1289 668 1347 713 ad
1390 669 1620 730 inceptum

216 763 368 808 redeo.

309 877 341 918 ς.
369 875 404 909 9.
452 875 566 908 Altius
607 874 819 908 Gerlacliius
858 876 953 909 haud
996 876 1089 910 male
1127 875 1281 921 explieat
1319 878 1421 922 quasi
1450 877 1488 910 iu
1521 888 1618 911 more

217 938 350 979 ultum,
388 935 470 968 coll.
509 935 584 969 biv.
623 936 739 969 xxxi
756 960 766 978 ,
792 937 812 970 l
830 962 839 980 ,
865 937 898 971 5.
939 940 1104 982 provideo
1147 939 1283 982 animo,
1329 939 1493 983 quicquid
1531 950 1618 983 pro—

215 999 379 1044 gredior,
424 997 462 1030 iu
502 997 748 1030 vastiorem
781 1009 836 1031 me
871 999 1171 1033 altitudinem
1212 1011 1256 1033 ae
1286 999 1382 1034 velut
1403 999 1618 1043 profundum

215 1061 344 1096 invehi.
390 1078 435 1083 ——
482 1057 601 1090 Redeo
635 1069 702 1090 non
742 1063 794 1091 est
831 1060 951 1101 venio,
986 1063 1024 1094 ut
1049 1061 1187 1094 Curtius
1213 1050 1346 1104 aliique
1381 1060 1523 1102 volunt,
1557 1061 1617 1104 qui

216 1122 292 1156 vim
311 1133 348 1155 rc
367 1119 529 1164 syllabae
560 1118 594 1151 in
619 1118 820 1162 compositis
844 1131 949 1164 saepe
974 1121 1107 1155 nullam
1132 1133 1207 1155 esse
1229 1122 1370 1164 dicunt,
1394 1121 1455 1155 sed
1476 1121 1617 1166 proprie

212 1182 482 1227 intelligendum
513 1182 556 1214 de
583 1191 748 1227 regressu
773 1181 818 1214 ad
844 1181 1031 1215 consilium
1057 1183 1227 1217 historiae
1254 1183 1469 1220 scribendae.
1522 1183 1616 1218 Nam

212 1244 288 1278 eius
318 1243 370 1277 rei
396 1242 551 1276 studium
573 1253 684 1285 quum
706 1253 873 1276 excusare
896 1243 1083 1287 incepisset
1110 1248 1254 1287 auctor,
1284 1255 1365 1278 mox
1389 1255 1412 1279 a
1434 1245 1615 1289 proposito

211 1317 295 1348 suo,
319 1305 403 1338 dum
425 1304 543 1338 acrius
560 1304 595 1336 in
612 1304 724 1337 malos
744 1304 900 1339 civitatis
916 1317 1034 1339 mores
1051 1303 1250 1348 invehitur,
1271 1311 1439 1341 avocatus
1458 1310 1522 1342 est.

307 1367 344 1400 V.
393 1369 426 1408 ἓ.
452 1365 486 1400 l.
535 1365 704 1409 variaque
735 1365 901 1411 victoria]
941 1368 1090 1400 Sensum
1111 1365 1319 1410 interpretes
1349 1372 1443 1402 recte
1469 1378 1613 1402 monue-

210 1434 292 1463 runt
310 1430 405 1461 hunc
423 1437 516 1460 esse:
536 1426 618 1462 vict.
639 1425 740 1458 modo
759 1429 854 1471 πρωὶ
867 1428 1088 1474 Iugurtham,
1103 1428 1204 1461 modo
1222 1429 1318 1472 apud
1331 1429 1506 1463 Romanos
1516 1430 1614 1473 fuit,-

209 1491 268 1524 sed
285 1491 328 1522 de
347 1487 604 1522 constructione
624 1485 714 1519 nihil
734 1487 905 1523 dixerunt.
952 1489 1029 1524 Non
1047 1489 1194 1522 dubium
1216 1494 1348 1531 autem,
1385 1489 1468 1533 quin
1487 1490 1613 1524 ablati-

210 1564 274 1585 vus
288 1551 475 1591 habeatur,
497 1548 630 1593 pariter
647 1554 752 1591 atque
774 1558 982 1592 praegressa
997 1547 1172 1583 adieci-iva
1185 1549 1377 1594 praedicati
1395 1550 1491 1585 viem
1507 1551 1613 1585 susti-

208 1625 303 1647 nens.
350 1611 486 1647 Eodem
502 1610 608 1643 modo
631 1610 768 1643 locutus
788 1612 838 1642 est
858 1608 1027 1650 lustinus,
1051 1621 1074 1643 a
1092 1609 1214 1658 Cottio
1234 1611 1417 1654 laudatus,
1440 1612 1499 1656 lv,
1521 1611 1555 1656 2,
1575 1612 1610 1646 6.

208 1676 338 1718 diuque
356 1673 459 1706 varia
478 1670 627 1705 victoria
643 1681 720 1703 cum
737 1671 896 1714 tyrannis
916 1671 1131 1705 dimicatum.
1149 1691 1189 1696 ——
1211 1673 1302 1707 Dein
1318 1672 1478 1717 plerique
1490 1673 1611 1714 codd.;

207 1734 365 1770 nonnulli
382 1733 521 1775 deinde,
545 1731 647 1775 pauci
670 1730 777 1765 etiam
799 1731 945 1771 dehinc,·
968 1743 1002 1764 r.
1023 1733 1069 1765 ad
1088 1733 1192 1768 Catil.
1211 1745 1239 1766 c.
1260 1734 1407 1778 ΧΧΧΙΙ,
1423 1733 1457 1767 1.
1478 1746 1514 1778 p.
1530 1733 1608 1768 149.

207 1817 253 1823 ——
280 1798 378 1830 Tunc
407 1793 585 1839 plerique,
621 1797 656 1826 et
678 1791 712 1825 in
732 1791 776 1825 iis
800 1791 926 1835 optimi
944 1792 1043 1826 codd.
1067 1796 1203 1832 tenent;
1237 1794 1376 1828 eortius
1398 1797 1518 1829 tamen
1537 1800 1611 1830 tum

205 1858 334 1902 edidit,
371 1857 456 1901 quia
472 1856 541 1888 hoc
570 1858 706 1888 tautum
726 1852 885 1886 Sallustii
906 1852 968 1895 sit3
1004 1852 1105 1896 quasi
1129 1863 1212 1887 vero
1231 1853 1295 1887 alii
1311 1855 1496 1900 scriptores
1514 1861 1608 1899 tnnc,

205 1921 270 1956 ulii
286 1926 357 1955 tum
374 1918 552 1962 usurpent.
574 1916 626 1950 Aa
638 1915 894 1960 particularum
908 1913 1094 1948 discrimen
1108 1915 1387 1959 cognoscendum
1398 1914 1491 1950 nihil
1506 1917 1610 1960 plane

205 1982 343 2016 faciunt
361 1991 451 2023 quae
472 1980 647 2013 Goerenz.
663 1976 808 2021 protulit
826 1976 872 2009 ad
889 1976 961 2010 Cic.
980 1976 1023 2009 de
1040 1975 1142 2010 Finn.
1153 1977 1178 2016 Ι,
1187 1975 1222 2019 8,
1231 1975 1302 2018 28.,
1322 1987 1437 2020 neque
1456 1977 1608 2012 multum

205 2041 367 2087 proficius
399 2040 630 2074 Rainshornii
655 2050 782 2083 parum
813 2037 998 2081 perspicua
1029 2037 1260 2081 explicatione
1282 2037 1317 2070 in
1343 2039 1503 2071 Graium.
1527 2038 1605 2072 Lat.

206 2108 238 2148 §-
266 2103 346 2137 HS.
369 2104 432 2136 ΙΙΙ.
464 2114 498 2145 p.
517 2100 598 2134 510.
623 2100 810 2143 proposita.
858 2099 985 2132 Paullo
1008 2098 1159 2133 certiora
1182 2098 1351 2142 praecipit
1379 2099 1607 2133 Gernliardus

207 2166 251 2200 and
276 2165 338 2199 Cic
361 2164 457 2198 Lael.
481 2163 507 2202 1,
529 2162 563 2196 3.
590 2173 621 2204 p.
643 2161 677 2194 7.
702 2170 914 2204 quamquam
940 2171 983 2192 ne
1005 2159 1096 2194 haec
1120 2160 1261 2203 quidem
1283 2159 1368 2203 quid
1392 2159 1522 2203 ubique
1543 2170 1606 2193 ve-

206 2238 286 2262 rum
310 2225 355 2260 sit
378 2223 626 2269 quaerentibus
649 2222 751 2265 plane
774 2219 1000 2255 satisfacient.
1046 2221 1196 2265 Propius
1220 2221 1266 2255 ad
1290 2232 1415 2255 verum
1437 2221 1606 2257 accedunt

208 2287 379 2322 weberus
405 2286 440 2319 in
466 2283 675 2318 Exercitatt.
701 2282 785 2326 styli
807 2283 883 2316 Lat.
907 2281 950 2317 Τ.
974 2283 999 2316 Ι.
1027 2294 1060 2325 p.
1083 2283 1139 2316 93.
1175 2284 1314 2327 Zumpt.
1341 2282 1501 2316 Granum.
1525 2281 1602 2316 Lat.

181 2369 185 2372 ,
205 2353 239 2393 §.
257 2350 316 2384 (i3.
343 2361 376 2392 p.
396 2346 478 2381 2:39.
513 2350 547 2379 et
571 2343 746 2387 imprimis
770 2342 970 2387 Herzogius
991 2343 1036 2376 ad
1060 2343 1158 2376 caes.
1186 2344 1229 2378 Β.
1256 2343 1298 2376 G.
1327 2344 1365 2384 V,
1388 2342 1446 2377 33.
1469 2354 1502 2386 p.
1521 2341 1601 2375 273.

207 2410 238 2445 ls
262 2409 356 2444 enim
384 2412 422 2442 ut
444 2412 539 2441 recte
563 2405 652 2439 vidit
675 2410 749 2438 tum
774 2408 807 2438 et
830 2409 911 2438 tunc
945 2403 1200 2448 particularum
1230 2404 1376 2437 eandem
1399 2413 1473 2435 esse
1494 2402 1604 2436 ratio-

206 2484 287 2506 nem
308 2481 399 2514 quae
423 2468 618 2502 intercedat
643 2467 734 2499 inter
758 2467 829 2499 iam
854 2470 889 2499 et
911 2477 1021 2506 nuuc,
1059 2464 1110 2498 ita
1133 2476 1215 2497 vere
1237 2462 1415 2507 praecepit
1436 2468 1518 2498 tunc
1539 2474 1602 2506 pe-

207 2534 261 2576 ni,
293 2536 334 2566 ut
357 2530 574 2576 significetur
598 2527 731 2570 aliquid
755 2526 861 2559 simul
886 2537 967 2559 cum
986 2525 1099 2558 altera
1122 2537 1161 2558 rc
1184 2526 1303 2558 eodem
1327 2525 1491 2568 temporis
1514 2525 1602 2558 arti·

206 2596 282 2628 culo
306 2594 364 2626 vel
397 2593 531 2626 factum
556 2601 650 2630 esse,
693 2588 752 2621 vel
775 2587 933 2620 futurum
963 2597 1056 2626 esse,
1096 2586 1188 2628 quod
1219 2590 1402 2629 tamquam
1435 2585 1544 2618 fixum
1567 2587 1601 2618 et

207 2656 394 2690 immotum
420 2647 620 2686 intueamur
642 2650 706 2692 (v.
731 2660 794 2682 nos
817 2649 862 2682 ad
887 2647 987 2681 Catil.
1013 2659 1046 2680 c.
1070 2646 1129 2687 LI,
1152 2645 1211 2679 40.
1235 2658 1267 2689 p.
1292 2646 1423 2690 259.)‚
1449 2650 1524 2679 tum
1542 2656 1600 2679 ve—

207 2727 248 2750 ro
270 2713 446 2758 usurpari,
471 2712 532 2747 ubi
556 2711 722 2756 procedat
744 2708 914 2752 narratio,
939 2713 974 2742 et
997 2708 1079 2752 quid
1103 2707 1259 2751 aliquam
1278 2718 1353 2740 rem
1374 2708 1535 2741 secutum
1554 2705 1600 2740 sit

206 2780 365 2823 exponat.
413 2776 515 2809 Patet
534 2777 651 2808 autem
672 2770 882 2806 Sallustium
903 2769 1117 2815 cogitatione
1139 2768 1184 2802 ad
1205 2767 1363 2812 superius
1386 2771 1524 2811 tempus
1543 2777 1599 2801 re-
