1702 2982
201 169 232 210 4
580 167 626 212 C.
658 168 980 213 SALLUSTI
1010 169 1229 215 chsl‘l

203 284 378 345 quippe
424 299 542 344 quae
586 287 885 346 probitatem,
946 286 1207 333 industriam
1251 289 1449 349 aliasque
1493 291 1598 336 artis

203 381 346 427 bonas
401 397 547 440 neque
600 383 710 428 dare
752 399 902 443 neque
947 385 1126 445 eripere
1170 387 1379 446 cuiquam
1424 393 1599 448 potest3

167 478 273 524 4sin
300 484 456 540 captus
486 481 636 540 pravis
665 481 946 542 cupidinibus
980 483 1042 527 ad
1071 483 1274 529 inertiam
1308 490 1354 530 et
1387 485 1598 546 volupta-

202 637 428 681 antegressae
459 635 713 672 enunciationis
742 635 958 679 subiectum,
989 638 1203 684 referantur,
1236 643 1278 675 ut
1307 639 1413 678 Catil.
1436 641 1539 683 XIX,
1562 640 1599 678 2.

200 708 309 742 neque
332 702 450 732 tamen
486 698 689 732 Senatus
720 699 936 742 provinciam
959 699 1090 734 invitus
1114 701 1283 742 dederam
1314 702 1489 747 quippe
1518 704 1599 746 soe-

200 758 283 792 dum
308 759 478 792 hominem
502 769 525 791 a
550 759 729 803 republica
749 760 870 803 procul
894 770 968 793 esse
1001 761 1191 796 volebat
1200 774 1215 803 ,-
1248 773 1317 806 qno
1349 764 1428 798 loco
1459 763 1599 798 Cottius
1651 806 1655 812 ,

200 818 349 853 mirifice
373 830 456 853 usus
480 823 554 860 est,
593 822 631 853 ut
653 829 846 863 pronomen
869 820 988 854 abesse
1012 832 1116 865 posse
1139 823 1317 865 probaret.
1351 841 1399 849 -—
1432 825 1485 858 De
1507 824 1599 859 indi-

199 878 316 913 cativo
340 882 418 923 post
441 880 566 924 quippe
590 881 650 925 qui
673 880 825 915 diximus
848 881 894 916 ad
918 883 994 915 Cat.
1013 882 1168 925 xnvm,
1187 883 1222 917 2.
1245 896 1281 928 p.
1299 884 1380 919 219.
1404 904 1451 910 ——
1479 887 1597 919 Alias—

201 950 282 984 que
306 940 518 975 Gerlachius
540 944 640 974 ¹recte
664 941 840 985 restitnit,
875 942 1056 976 codicibus
1080 942 1130 978 ita
1152 944 1372 987 iubentibus;
1399 957 1480 981 nam
1504 947 1598 991 quod

200 999 341 1035 eortius
363 1002 525 1045 copulam
552 1003 656 1037 unius
680 1003 799 1040 Strnv.
822 1004 1033 1039 auctoritate
1059 1003 1209 1046 abiecit,
1232 1005 1427 1041 inconsulto
1450 1008 1596 1042 factum.

199 1062 430 1097 Inconsultius
454 1064 624 1099 lVeissius
647 1076 690 1099 ex
713 1064 886 1108 corruptis
910 1065 986 1099 edd.
1011 1065 1150 1109 scripsit
1183 1071 1384 1112 ceterasque
1410 1073 1516 1103 artes.
1550 1086 1597 1093 —

199 1123 296 1158 Artis
330 1123 431 1159 Rivii
462 1125 561 1162 codd.
597 1125 633 1160 in
667 1125 794 1170 quibus
826 1129 878 1159 est
902 1126 1010 1159 arteis
1032 1126 1117 1160 satis
1139 1127 1366 1170 confirmant-3
1402 1129 1486 1173 quin
1518 1129 1596 1164 cod.

201 1184 403 1221 Ascensian.
418 1190 540 1230 aperte
557 1187 665 1221 habet
680 1188 780 1222 ariis.
803 1187 894 1221 *aad
906 1187 1062 1229 Gat.1,l.
1086 1207 1133 1212 —
1156 1188 1337 1233 Cuiquam,
1362 1191 1454 1233 quod
1474 1189 1511 1224 in
1527 1201 1597 1225 uno

201 1245 320 1280 Guelf.
340 1245 372 1283 6.
393 1247 500 1289 deest,
516 1250 551 1282 et
567 1247 666 1283 cuius
684 1249 762 1282 loco
780 1258 823 1282 ex
842 1247 1113 1283 describentium
1131 1259 1250 1282 errore
1271 1249 1347 1284 Erl.
1357 1250 1448 1295 Teg.
1459 1250 1547 1285 Tur.
1559 1251 1595 1288 1.

201 1311 236 1342 et
253 1307 358 1341 Misn.
370 1307 654 1354 habentemque,
673 1309 797 1343 Guelf.
809 1308 843 1342 9.
860 1319 1035 1353 umquam,
1060 1309 1118 1344 11.
1138 1310 1332 1355 quicquam,
1352 1310 1491 1345 Curtius
1505 1310 1595 1346 omi—

199 1367 255 1410 sit,
279 1368 362 1412 quia
387 1369 520 1413 eripere
543 1370 747 1414 saepissime
769 1370 844 1404 sine
867 1370 988 1404 dativo
1010 1372 1159 1414 ponatur
1182 1371 1237 1415 (v.
1251 1382 1281 1405 c.
1295 1370 1416 1405 Senec.
1426 1371 1471 1404 ad
1486 1371 1594 1406 Helv.

197 1441 228 1463 c.
241 1429 333 1466 vul.
354 1429 398 1463 de
418 1429 535 1466 const.
548 1443 578 1467 c.
589 1432 632 1466 V.
655 1432 824 1466 Controv.
837 1431 913 1465 Vll.
935 1430 1062 1466 Noster
1073 1431 1218 1478 Fragm.
1231 1431 1385 1467 Historr.
1397 1431 1457 1473 ΙΙΙ,
1467 1431 1525 1474 22,
1537 1430 1596 1468 24.

199 1490 288 1525 flor.
306 1490 439 1534 Epp.I‚
457 1490 606 1533 18,111.
631 1491 696 1528 Sil.
706 1492 781 1533 XV,
793 1490 874 1528 105.
899 1491 1028 1536 quilius
1050 1493 1140 1526 adde
1163 1503 1253 1537 quae
1276 1492 1356 1527 Car.
1381 1492 1529 1526 Beierus
1550 1493 1596 1527 ad

199 1551 272 1587 Cic.
283 1552 326 1586 de
338 1551 409 1586 Off.
418 1552 461 1593 11,
474 1551 508 1593 3,
521 1552 576 1589 1⁰.
588 1564 620 1596 p.
629 1552 687 1588 23.
710 1553 853 1588 uberius
876 1554 920 1588 de
941 1554 1010 1589 hoc
1035 1565 1100 1588 usu
1123 1553 1325 1598 disputavit,
1343 1553 1596 1587 cou.Dmk.ad

198 1613 276 1650 Liv.
288 1614 394 1658 1v‚3‚
406 1612 465 1649 15.
482 1612 570 1646 Tac.
582 1613 669 1647 Anu.
679 1613 709 1657 1,
719 1614 840 1661 32‚1.)
862 1619 897 1650 et
919 1615 1003 1659 quia
1025 1614 1250 1658 „sententiae
1262 1613 1442 1659 elegantia
1458 1613 1596 1649 humile

198 1675 290 1710 istud
324 1676 483 1720 cuiquam
514 1676 702 1717 respuat.“
747 1675 818 1709 Nos
847 1675 917 1709 ista
941 1675 1118 1721 elegantia
1140 1675 1246 1710 facile
1268 1686 1448 1719 caremus,
1485 1686 1595 1719 quum

198 1747 268 1770 non
291 1736 408 1771 solum
430 1733 645 1770 relicuorum
677 1735 778 1768 codd.
802 1736 962 1770 omnium
994 1747 1198 1777 consensus,
1232 1735 1292 1769 sed
1323 1735 1432 1770 etiam
1462 1746 1595 1779 paucae

199 1796 285 1832 illae
306 1795 572 1841 depravationes
595 1801 786 1839 pronomen
809 1795 893 1830 satis
917 1799 1095 1838 tueantur,
1118 1806 1188 1840 quo
1211 1795 1347 1830 accedit
1368 1796 1497 1840 duplex
1518 1798 1594 1831 Do-

199 1857 274 1892 nati
298 1857 343 1892 ad
366 1855 451 1891 Ter.
479 1857 567 1891 Eun.
596 1856 639 1899 11,
662 1856 698 1898 2,
720 1856 778 1891 10.
802 1857 903 1892 etad
927 1858 1034 1893 Andr.
1057 1857 1113 1897 w,
1137 1855 1172 1897 3,
1196 1855 1231 1889 1.
1254 1855 1501 1891 testimonium.

292 1920 326 1961 §-
349 1917 385 1951 4.
431 1918 487 1952 sin
510 1922 633 1962 captus
657 1918 744 1962 etc.]
769 1918 808 1952 ln
831 1918 900 1952 hoc
924 1918 1001 1952 loco
1024 1917 1172 1961 interpp.
1195 1916 1415 1951 offenderunt
1436 1917 1592 1962 quidem,

199 1990 312 2023 neque
334 1981 452 2013 tamen
474 1979 692 2024 singularem
716 1978 792 2013 eius
813 1979 985 2013 rationem
1008 1978 1170 2012 videntur
1200 1977 1349 2012 assecuti
1370 1989 1454 2012 esse.
1501 1978 1593 2013 Nam

200 2051 282 2075 usus
299 2052 379 2074 cum
398 2051 433 2074 V.
453 2046 637 2076 accusatur
655 2051 722 2074 non
738 2043 832 2074 recte
850 2039 943 2075 coire
963 2040 1126 2074 viderunt
1144 2048 1285 2078 omnes3
1308 2049 1417 2083 quare
1438 2038 1594 2082 plerique

199 2113 281 2137 cum
305 2101 428 2136 Curtio
451 2113 535 2135 usus
557 2113 621 2146 pro
645 2101 861 2136 nominativo
887 2101 997 2135 absol.
1020 2101 1163 2142 habent,
1188 2100 1398 2144 explicantes
1421 2100 1480 2134 ubi
1503 2100 1594 2134 lubi-

201 2164 282 2199 dine
305 2163 484 2208 paulisper
507 2174 588 2196 usus
608 2167 678 2204 est,
705 2173 775 2206 qua
799 2162 941 2206 quidem
965 2160 1197 2206 explicatione
1220 2158 1304 2204 quid
1325 2160 1502 2194 lucremur
1523 2171 1595 2194 non

198 2228 342 2269 exputo.
389 2223 444 2258 Ad
463 2223 535 2257 hoc
560 2222 661 2257 multi
684 2223 793 2259 verba
818 2234 918 2268 pern.
945 2224 1013 2259 lub.
1037 2223 1135 2267 paul.
1159 2233 1242 2256 usus
1271 2221 1316 2256 ad
1348 2220 1504 2265 protasia
1534 2232 1594 2255 re-

199 2285 337 2327 ferunt,
361 2294 577 2329 quamquam
598 2294 668 2317 non
692 2283 815 2318 eodem
845 2283 962 2318 modo.
1009 2283 1148 2318 Cottius
1171 2282 1265 2316 enim
1288 2293 1357 2316 non
1380 2293 1446 2327 pro
1469 2292 1593 2316 secun-

199 2345 302 2381 daria
330 2344 575 2379 enunciatione
605 2344 734 2386 habet,
771 2345 832 2379 sed
854 2345 975 2379 eodem
1000 2345 1077 2379 loco
1101 2347 1284 2386 numerat,
1321 2346 1360 2377 ut
1389 2347 1594 2387 antegressa

199 2407 332 2451 verim,
364 2406 416 2440 ita
438 2409 574 2447 tamen,
605 2407 645 2440 ut
667 2405 829 2448 auctori,
853 2405 884 2440 si
907 2409 1093 2440 accuratus
1117 2416 1191 2443 esse
1213 2403 1384 2446 voluerit,
1408 2403 1594 2438 dicendum

199 2467 308 2503 fuerit
323 2467 377 2501 ein
399 2486 446 2492 —
467 2466 816 2511 pessumdatus,
838 2465 1031 2510 perniciosa
1050 2465 1204 2500 lubidine
1226 2483 1274 2489 -
1295 2474 1398 2498 usus
1421 2469 1514 2506 est,
1537 2463 1592 2498 id-

199 2540 270 2574 que
290 2527 407 2572 ipsum
428 2526 612 2572 Bipontini
634 2525 764 2561 insulse
786 2537 829 2561 ac
851 2529 1052 2570 portentose
1071 2526 1395 2570 repraesentarunt,
1419 2528 1593 2559 commate

201 2593 282 2636 post
301 2599 439 2635 pessum
467 2589 572 2622 datus
594 2586 728 2632 posito,
761 2585 814 2621 ita
836 2589 876 2621 ut
910 2590 982 2620 est
1009 2596 1047 2630 p.
1073 2585 1096 2618 l.
1119 2596 1157 2629 p.
1180 2595 1290 2618 usus
1312 2584 1593 2630 coniungendam

200 2650 258 2687 sit.
305 2647 513 2684 Gerlachius
536 2658 620 2681 vero
643 2671 668 2689 „
678 2646 859 2691 equidem,
883 2646 1015 2690 inquit,
1039 2645 1085 2679 ad
1107 2644 1226 2689 priora
1244 2644 1446 2686 retulerim,
1467 2648 1504 2679 et
1529 2654 1592 2688 pro

202 2710 375 2758 gei-undio
397 2708 513 2755 posita
538 2719 612 2744 esse
634 2710 760 2743 statuo.
809 2705 1058 2740 Pessumdatur
1080 2704 1239 2746 animus,
1271 2708 1307 2739 et
1336 2704 1431 2749 quod
1448 2703 1591 2750 ¹cupidi-

204 2772 308 2809 nibus
329 2774 452 2818 captus
473 2772 546 2815 est,
581 2772 616 2805 et
638 2766 731 2812 quod
754 2765 951 2813 perniciosa
971 2763 1128 2802 lubidine
1149 2764 1280 2808 utitur,
1313 2764 1338 2799 i.
1361 2775 1394 2801 e.
1418 2763 1593 2809 cupidita·
