1716 2996
262 190 348 232 49ss
398 232 405 237 ,
639 187 686 229 G.
717 186 1045 230 SALLUSTI
1074 187 1290 232 CRISPI

225 303 312 350 4111
339 302 538 347 animum
572 304 719 347 vortit.
790 302 853 347 Et
885 303 1004 347 forte
1039 304 1083 347 in
1119 318 1175 348 eo
1210 304 1314 355 loco
1353 305 1536 364 grandis
1571 306 1659 351 ilex

257 401 484 445 coaluerat
523 401 640 444 inter
675 416 806 456 saxa,
858 402 1061 460 paullum
1097 400 1239 445 modo
1278 416 1448 460 prona,
1495 402 1658 462 deiude

257 498 375 543 flexa
403 503 538 556 atque
568 503 699 542 aucta
733 498 779 541 in
808 497 1101 556 altitudinem,
1137 513 1229 557 quo
1266 504 1427 551 cuncta
1456 498 1655 561 gignen-

258 662 435 698 editorum
458 673 579 696 errore
603 662 664 696 diu
687 662 895 707 expulsam,
918 662 954 696 in
979 674 1049 707 qua
1072 674 1192 698 omnes
1220 662 1318 697 codd.
1344 660 1562 706 conspirant,
1591 661 1659 698 nisi
1680 668 1682 670 ’

257 725 349 768 quod
373 724 410 758 in
434 734 520 757 voce
540 724 663 768 cupido
697 729 732 759 et
762 725 797 758 in
830 727 1007 767 postremo
1040 725 1216 758 vocabulo
1247 723 1389 758 variant
1421 712 1656 767 aliquantum.
1681 712 1684 716 ί

257 786 347 819 Vera
371 784 475 819 lectio
507 786 663 819 animum
698 786 850 820 vertit
882 789 996 820 exstat
1018 785 1055 820 in
1079 785 1242 820 omnibus
1265 785 1364 821 codd.
1391 783 1510 827 Rivii,
1533 784 1656 819 melio-

256 846 354 880 ribus
377 845 541 889 Gruteri,
576 847 739 891 pluribus
772 846 905 881 VVassii
921 872 931 890 ‚
969 847 1052 881 Bas.
1078 846 1113 880 1.
1137 846 1247 884 Fabr.
1270 846 1303 880 1.
1330 847 1433 880 Rem.
1459 845 1494 879 1.
1519 845 1552 879 2.
1576 838 1687 887 Seu..⁷

256 910 290 944 1.
315 907 350 941 2.
373 907 501 942 Reuss.
526 907 603 944 vin.
625 908 661 943 2.
693 908 792 942 Vrat.
814 908 849 942 2.
872 908 911 944 3.
946 908 1066 943 Guelf.
1095 908 1131 942 2.
1155 908 1189 942 4.
1212 907 1248 942 7.
1272 907 1330 941 11.
1360 905 1454 951 Teg.
1487 906 1602 941 Paris.
1624 918 1654 941 c.

255 981 287 1002 x.
315 981 345 1002 z.
369 972 406 1002 et
439 968 588 1003 Goerlit.
634 967 712 1002 Non
746 968 833 1002 satis
863 973 1029 1004 accurate
1062 973 1180 1004 tamen
1213 966 1424 1002 Gerlachius
1448 967 1655 1002 Commentt.

256 1042 290 1074 p.
315 1029 397 1063 322.
421 1029 522 1063 verbi
546 1028 756 1063 sententiam
779 1029 830 1064 ita
856 1029 1131 1074 interpretatur:
1165 1027 1292 1072 cupido
1315 1027 1473 1062 animum
1497 1027 1573 1062 eius
1592 1029 1657 1062 im-

252 1091 384 1136 pleuit,
408 1090 461 1125 ita
485 1095 525 1125 ut
548 1095 640 1131 totas
674 1091 712 1125 in
737 1091 802 1125 hac
835 1102 874 1125 re
898 1095 998 1125 esset.
1044 1088 1174 1124 Sensus
1195 1088 1312 1133 potius
1336 1091 1405 1122 est:
1431 1088 1558 1133 cupido
1581 1100 1657 1127 mu-

253 1152 348 1187 tavit
377 1150 452 1184 eius
484 1151 661 1192 animum,
695 1151 747 1185 ita
787 1154 826 1187 ut
856 1152 963 1196 primi
994 1151 1128 1186 consilii
1158 1149 1387 1184 cochlearum
1423 1150 1656 1196 legendarum

251 1224 394 1259 prorsus
426 1213 570 1253 oblitus,
599 1223 714 1246 novae
743 1212 817 1246 rei.
833 1213 1008 1255 studeret,
1041 1215 1076 1246 et
1099 1211 1238 1245 facinus
1264 1210 1471 1245 incredibile
1492 1211 1600 1246 simul
1621 1215 1656 1247 et

253 1273 466 1310 admirabile
489 1274 592 1308 edere
615 1275 765 1308 arderet.
813 1273 932 1317 Quam
954 1273 1162 1308 sententiam
1185 1270 1271 1306 hnic
1300 1271 1380 1306 loco
1404 1272 1550 1318 egregie
1571 1285 1655 1308 con-

252 1335 452 1370 venientem
484 1346 594 1379 quum
626 1336 730 1370 multi
755 1334 900 1369 *librarii
930 1345 999 1368 non
1031 1315 1314 1378 assequereixtnr,
1346 1332 1409 1367 alii
1443 1334 1656 1379 scripserunt

253 1399 410 1433 animum
443 1397 600 1432 advertit
614 1421 623 1438 ,
655 1395 718 1430 alii
742 1395 1020 1436 animadvertit,
1045 1395 1111 1429 alii
1134 1395 1290 1429 animum
1314 1395 1496 1438 accendit,
1529 1396 1595 1430 alii
1617 1407 1652 1431 a.

252 1458 426 1501 intendit,
459 1457 523 1492 alii
548 1469 585 1492 a.
609 1457 781 1499 attendit,
806 1455 870 1491 alii
894 1467 930 1490 a.
954 1455 1114 1498 invadit,
1146 1455 1210 1490 alii
1234 1467 1270 1489 a.
1295 1455 1445 1498 invasit,
1469 1456 1532 1491 alii
1555 1457 1651 1492 deni-

251 1531 320 1564 que
344 1531 379 1554 a.
404 1519 506 1563 cepit.
553 1518 743 1552 Praeterea
776 1528 837 1551 sex
868 1515 971 1551 codd.
1003 1527 1066 1560 pro
1101 1517 1226 1562 cupido
1247 1515 1381 1551 habent
1412 1517 1583 1561 umidus,
1607 1529 1652 1557 ne

251 1581 398 1616 totidem
422 1581 497 1614 fere
520 1579 639 1624 cupidi
645 1591 658 1620 ‚-
681 1579 742 1613 sed
765 1579 856 1614 haec
879 1577 1000 1612 omnia
1023 1581 1102 1612 sunt
1125 1577 1319 1622 eiusmodi,
1343 1571 1509 1612 ussacile
1531 1577 1653 1614 viden

252 1642 299 1676 ab
324 1639 589 1685 interpolatrice
620 1651 729 1674 manu
755 1650 831 1674 esse
854 1639 1037 1682 profecta,
1070 1649 1183 1683 neque
1207 1639 1284 1674 ullo
1306 1637 1411 1673 modo
1434 1638 1652 1676 labefactare

251 1703 314 1738 a'nt
336 1703 374 1737 in
397 1700 632 1746 suspicionem
654 1711 784 1735 vocare
806 1703 982 1744 receptam
1006 1698 1237 1743 scripturam,
1270 1710 1376 1743 quam
1399 1700 1545 1744 cupidus
1567 1712 1652 1736 con-

247 1764 370 1798 firmat
406 1762 524 1808 potins
561 1762 658 1797 haud
699 1760 934 1796 mediocriter.
982 1759 1221 1795 Nihilominus
1258 1759 1409 1795 editores
1447 1759 1583 1796 incerta
1613 1765 1650 1798 et

249 1836 341 1859 vana
372 1824 477 1859 certis
509 1821 761 1868 praetulerunt.
814 1822 908 1858 Nam
939 1832 1048 1866 quum
1079 1820 1218 1855 Gellius
1237 1822 1302 1863 lx,
1330 1820 1387 1855 12.
1436 1822 1648 1859 Sallustium

249 1882 383 1921 alicubi
406 1884 537 1919 dixisse
558 1884 692 1919 referat
716 1895 810 1918 more
834 1885 1009 1918 humanae
1030 1881 1202 1927 cupidinis
1224 1882 1357 1928 ignara
1379 1882 1538 1927 visendi,
1572 1884 1646 1920 No-

250 1947 330 1982 nius
353 1950 473 1981 autem
496 1946 542 1988 11,
564 1943 646 1980 465.
673 1956 716 1979 ex
738 1944 952 1990 Iugurthino
975 1944 1069 1978 bello
1102 1943 1224 1978 laudet
1247 1955 1364 1978 amore
1387 1943 1564 1980 humanae
1585 1958 1646 1980 ons-

250 2008 413 2054 piditatis
443 2007 578 2053 ignara
609 2006 762 2048 visendi,
796 2005 971 2048 editores,
1001 2003 1106 2040 Nonii
1138 2004 1258 2039 verbis
1290 1984 1515 2050 primuffad
1537 2006 1647 2042 Gellii

251 2069 437 2111 correctis,
461 2071 651 2112 utrumqne
673 2068 768 2102 hunc
790 2071 950 2102 nostrum
971 2067 1092 2101 locum
1117 2065 1311 2110 respexisse
1331 2071 1512 2111 putarunt,
1534 2068 1645 2103 nihil-

223 2118 225 2120 ν
250 2143 320 2176 que
342 2129 518 2174 antiquius
539 2129 751 2171 habuerunt,
772 2139 879 2172 quam
903 2125 943 2162 ut
962 2127 1071 2162 eiecta
1094 2127 1195 2163 codd.
1215 2127 1388 2173 scriptura
1411 2128 1521 2164 Gellii
1535 2130 1646 2169 verba
1699 2159 1701 2161 ,

249 2190 288 2226 ἰιι
322 2194 455 2230 textum
484 2190 669 2225 inferrent.
716 2189 788 2224 Sed
823 2200 931 2234 quum
961 2187 1020 2222 vix
1043 2199 1115 2222 una
1138 2188 1259 2223 littera
1281 2200 1365 2224 cum
1386 2190 1535 2235 vulgata
1557 2201 1644 2226 con-

250 2252 402 2298 spirent,
425 2263 539 2297 neque
561 2250 715 2297 intelligi
737 2254 863 2295 queat,
895 2261 978 2292 cnr,
1018 2248 1050 2283 si
1071 2247 1191 2293 spuria
1213 2252 1304 2284 esset
1326 2251 1428 2286 codd.
1450 2251 1572 2295 lectio,
1598 2263 1644 2287 uo

249 2313 398 2356 minima
421 2312 562 2357 quidem
585 2312 818 2358 discrepantia
841 2311 879 2346 in
901 2312 1055 2357 quinque
1080 2309 1153 2344 illis
1174 2309 1292 2344 verbis
1315 2316 1503 2357 appareat,
1533 2323 1642 2357 quum

249 2373 370 2406 umen
401 2370 471 2405 duo
504 2374 683 2414 postrema
716 2373 890 2408 vocabula
918 2375 1098 2417 tantopere
1131 2369 1271 2406 variata
1302 2370 1390 2413 sint,
1418 2372 1456 2406 in
1476 2375 1642 2416 promptu

250 2434 326 2474 est,
348 2431 438 2465 falso
460 2431 615 2466 Nonium
637 2433 728 2467 haec
750 2444 794 2467 ex
818 2433 992 2479 Iugurtha
1014 2431 1197 2475 laudasse,
1233 2442 1324 2476 quae
1355 2432 1452 2466 haud
1474 2431 1580 2466 dubie
1602 2431 1640 2467 in

249 2483 419 2528 Historiis
443 2491 572 2536 scripta
607 2497 726 2533 erant,
751 2488 787 2528 et
819 2493 1043 2542 Fragmentis
1070 2491 1331 2527 annumeranda
1356 2495 1445 2527 sunt·
1489 2492 1641 2528 Perver-

249 2554 324 2589 sins
353 2557 472 2588 tamen
505 2562 611 2596 quam
643 2553 857 2596 antiquiores
892 2552 1042 2587 editores
1084 2553 1161 2598 egit
1194 2551 1355 2594 Cottius,
1403 2564 1447 2588 ex
1477 2554 1640 2589 codicum

249 2615 422 2659 scriptura
447 2617 482 2648 et
505 2613 829 2649 Grammaticorum
851 2613 966 2649 verbis
989 2612 1088 2656 quasi
1111 2624 1173 2657 per
1195 2603 1352 2647 saturam
1374 2615 1528 2649 conflans
1544 2615 1640 2650 hanc

251 2676 485 2721 scripturam:
519 2687 612 2710 more
645 2675 791 2710 humana·
827 2675 963 2720 ingenii
1001 2674 1124 2719 cupido
1158 2675 1290 2719 ignara
1322 2674 1462 2708 visundi
1489 2673 1637 2708 invadit.

251 2737 355 2781 Quae
386 2735 549 2771 Sallustii
580 2747 656 2772 esse
687 2736 805 2771 credat
835 2730 897 2780 riui
919 2734 1025 2777 velit3
1063 2735 1260 2770 refellendis
1283 2738 1378 2770 certe
1403 2744 1546 2779 operam
1567 2744 1637 2768 non

252 2807 517 2842 consumemus,
551 2796 681 2843 quippe
712 2808 803 2843 quae
824 2808 869 2832 ne
891 2796 1045 2842 speciem
1074 2795 1216 2842 quidem
1238 2805 1307 2832 non
1329 2796 1446 2832 dicam
1465 2793 1637 2836 veritatis,
