1716 2996
200 163 289 208 584
577 155 624 200 G.
652 155 971 199 SALLUSTI
1002 156 1222 201 CRISPI
1711 187 1716 223 ἰ

202 276 564 340 pertimesceret3
607 287 702 333 quo
731 306 741 315 .
756 306 790 319 ..
818 288 890 318 res
935 275 1183 320 eommunis
1221 274 1424 322 licentius
1457 293 1594 339 gere-
1710 226 1716 257 i

205 380 350 431 retur3
394 388 501 419 nam
543 370 603 415 ab
648 369 814 414 insidiis
860 371 952 415 eius
990 371 1118 416 aliter
1150 374 1299 418 caveri
1332 375 1595 433 nequivisse.

173 471 308 519 esea
356 486 447 531 ego
495 468 751 530 comperior
797 466 1039 514 Bocchum
1087 470 1234 531 magis
1280 471 1450 516 Punica
1491 473 1599 532 fide,

209 583 347 633 quam
381 567 443 612 ob
479 582 556 624 ea,
601 581 719 630 quae
757 565 1079 629 praedicabat,
1125 567 1256 613 simul
1288 568 1521 614 Romanos
1554 554 1602 615 et

209 690 287 726 lum
314 693 356 725 ut
377 691 414 724 et
435 700 502 734 ne,
536 687 597 723 sed
621 687 731 723 etiam
762 686 914 723 relativa
945 699 1027 723 cum
1059 688 1284 726 coniunctivo
1307 691 1367 726 vel
1390 690 1603 727 infinitivum

209 751 413 796 saepissime
434 748 545 794 sequi.
581 749 739 792 accedit,
772 749 866 793 quod
889 753 929 784 nt
952 752 987 783 et
1009 761 1053 784 ne
1075 761 1145 786 non
1168 752 1291 790 eadem
1314 751 1444 796 ubique
1465 751 1604 796 siguifi-

210 813 349 848 catione
370 811 428 847 his
449 810 566 845 verbis
590 810 803 856 iunguntur,
834 809 895 843 sed
918 810 1103 854 aliquoties
1123 812 1214 848 inter
1236 825 1312 849 sese
1335 817 1606 850 commutantur.

212 874 282 909 hoc
304 873 415 920 igitur
439 873 518 907 loco
541 871 767 907 ita'scribere
789 869 909 904 licuit:
943 882 1012 906 neu
1040 878 1184 918 propter
1217 875 1376 920 legatum
1406 887 1480 910 rem
1511 887 1605 910 com-

213 946 352 970 munem
383 932 539 968 licentius
571 943 696 979 gerere
724 932 994 977 pertimesceret.
1027 934 1088 968 sed
1118 946 1182 979 pro
1211 934 1384 971 infinitivo
1412 940 1606 981 pronomen

214 996 404 1031 relativum
434 994 563 1039 posuit.
609 992 710 1028 Nihil
740 995 834 1027 certe
863 991 900 1026 iu
930 992 989 1028 his
1018 995 1135 1030 verbis
1167 995 1386 1032 difficultatis
1415 996 1554 1040 inesset,
1574 995 1607 1031 si

213 1067 280 1102 pro
303 1067 382 1101 quo,
410 1066 454 1090 ne
478 1053 649 1099 scriptum
670 1057 771 1088 esset.
794 1066 839 1089 ne
864 1057 899 1090 et
919 1061 961 1091 ut
983 1055 1093 1101 igitur
1115 1056 1208 1091 iuter
1223 1068 1261 1091 se
1275 1060 1490 1092 commutata
1503 1061 1608 1102 putu

216 1129 284 1164 quo
308 1116 404 1151 enim
426 1126 508 1161 pro:
531 1120 571 1151 ut
595 1126 634 1150 eo
659 1114 855 1160 positum.“
894 1116 965 1151 Sed
987 1116 1065 1161 ipse
1085 1121 1206 1162 postea
1227 1118 1376 1154 sentiens
1397 1119 1469 1154 hac
1490 1118 1611 1155 scabie

217 1177 456 1224 grammatica
489 1177 609 1211 locum
639 1186 709 1210 non
742 1176 919 1221 expediri,
950 1177 987 1212 in
1017 1178 1072 1213 ed.
1103 1177 1239 1214 minore
1261 1179 1498 1216 coniecturam
1520 1181 1611 1216 Gro-

218 1239 318 1275 novii
340 1237 496 1282 recepit,
521 1237 582 1281 qui
602 1247 668 1282 quo
690 1236 728 1271 in
750 1238 835 1282 quiri
859 1241 994 1273 mutato
1017 1251 1156 1273 sensum
1179 1241 1275 1275 hunc
1297 1252 1373 1276 esse
1394 1240 1499 1275 dicim
1523 1238 1611 1285 „Ne

218 1303 363 1348 putaret
397 1300 537 1334 obstare
566 1298 635 1332 sibi
674 1298 866 1342 Asparem,
896 1300 1074 1345 quominus
1107 1299 1219 1333 libere
1249 1299 1382 1336 diceret
1411 1304 1613 1346 ageretque,

220 1373 314 1408 quae
345 1361 382 1395 in
414 1371 492 1395 rem
523 1359 705 1403 utriusque
728 1363 860 1400 esseut3
895 1371 979 1394 nam
1008 1359 1114 1394 illum
1135 1361 1331 1396 necessario
1356 1361 1615 1396 admittendum
1645 1379 1648 1382 ·

222 1423 343 1464 fuisse,
366 1423 408 1455 ut
428 1419 524 1455 aliae
545 1419 739 1465 iugurtha
760 1419 909 1454 insidiae
931 1419 1207 1456 excluderentur.
1217 1423 1244 1443 ‘⁶
1287 1423 1390 1467 Quae
1412 1422 1614 1458 coniectura

223 1484 269 1519 iis
291 1481 454 1524 concidit,
476 1492 567 1526 quae
589 1492 695 1526 supra
715 1480 760 1515 de
782 1491 868 1515 vera
890 1481 1080 1516 sententiae
1098 1482 1236 1517 ratione
1257 1483 1420 1527 diximus,
1440 1483 1615 1528 siquidem

225 1544 389 1583 Bocchus
411 1546 549 1578 tautum
572 1542 699 1584 abfuit,
721 1544 762 1577 ut
785 1541 926 1576 Sullam
947 1542 993 1577 ad
1015 1542 1121 1578 libere
1145 1545 1322 1590 agendum
1343 1554 1462 1579 eoram
1479 1535 1616 1588 Aspare

226 1590 427 1650 excitarets
450 1607 490 1639 ut
520 1603 587 1638 illo
610 1606 792 1648 praesente
814 1613 926 1647 pauca
955 1606 1092 1638 tantum
1115 1608 1151 1641 et
1174 1617 1215 1640 ex
1238 1605 1422 1651 composito
1444 1604 1618 1650 transige-

227 1672 293 1704 ret.
316 1666 512 1702 Muellerus
535 1664 684 1709 (lenique
706 1676 790 1699 nam
811 1665 985 1710 particula¹
1007 1665 1120 1700 deleta
1138 1667 1250 1702 verba
1270 1679 1336 1713 quo
1357 1676 1619 1712 res—gerere·

228 1733 289 1765 tur
312 1739 357 1762 ex
379 1726 603 1771 sequentibus
624 1728 707 1770 apta
729 1737 803 1761 esse
823 1727 910 1770 vult,
935 1729 1115 1771 totumque
1135 1727 1255 1762 locum
1278 1727 1332 1763 sic
1351 1727 1619 1771 interpretatur:

229 1817 253 1835 ‚,
263 1790 316 1826 Ne
338 1790 513 1835 iugurtha
546 1799 589 1823 ex
619 1798 718 1822 more
745 1799 808 1822 suo
839 1787 974 1822 amicos
995 1787 1091 1833 regis
1113 1791 1354 1833 corrumperet
1376 1791 1412 1823 et
1433 1788 1620 1824 deditionis

230 1851 400 1897 pacisque
424 1848 571 1885 consilia
592 1849 687 1883 clam
709 1848 909 1894 impediret,
943 1849 1115 1894 optimum
1142 1849 1240 1884 factu
1262 1860 1339 1883 esse
1359 1847 1496 1892 risum,
1517 1849 1618 1895 lega-
1673 1843 1677 1851 ’

231 1915 308 1948 tum
329 1904 404 1947 eius
427 1912 643 1956 praesentem
664 1909 810 1952 habere,
826 1921 979 1954 eumque
1001 1910 1038 1944 iu
1058 1909 1200 1954 publico
1221 1909 1398 1955 colloquio
1420 1921 1501 1944 cnm
1517 1909 1621 1946 Suus

233 1974 398 2008 adesse.“
445 1972 543 2015 Quas
566 1970 678 2005 aniles
707 1970 860 2015 ineptias
888 1975 929 2005 ut
961 1971 1167 2006 refellamus
1197 1983 1302 2007 nemo
1324 1971 1535 2016 postulabit,
1559 1971 1621 2019 qui

233 2033 397 2069 Sallustii
428 2032 547 2067 verbis
580 2032 775 2067 accuratius
807 2031 972 2076 inspectis
1001 2031 1213 2067 intellexerit
1245 2043 1356 2076 neque
1387 2043 1472 2067 nam
1505 2031 1622 2067 omitti

234 2105 347 2139 posse,
370 2093 463 2138 quod
487 2104 614 2137 omne&
629 2093 730 2129 codd,
751 2096 888 2135 tenent,
916 2103 1050 2137 neque,
1071 2092 1161 2137 quod
1186 2095 1291 2137 eaput
1312 2092 1365 2127 rei
1386 2095 1460 2135 est,
1482 2104 1623 2128 sensum

235 2166 302 2201 quo
334 2154 431 2190 vocis
464 2154 516 2189 ita
543 2153 724 2199 explicari.
781 2154 929 2189 Frustra
958 2157 1076 2188 autem
1105 2152 1216 2188 fuisse
1246 2164 1366 2188 omnes
1394 2153 1623 2198 interpretum

235 2225 340 2249 curas
373 2214 474 2248 nobis
506 2215 650 2258 quidem
679 2226 751 2250 non
783 2215 914 2249 mirum
936 2215 1097 2257 videtur,
1119 2214 1181 2259 qui
1198 2206 1409 2263 persuasum
1426 2214 1625 2249 habeamus

235 2276 354 2312 locum
382 2281 586 2320 corruptum
611 2286 706 2320 esse,
744 2286 787 2310 ac
817 2275 1052 2310 vetustissimo
1075 2274 1163 2310 vitio
1181 2275 1356 2309 laborare.
1402 2274 1493 2310 Nam
1516 2285 1625 2322 quum

238 2339 276 2372 et
303 2338 379 2371 tota
409 2335 583 2371 sententia
611 2346 739 2371 manca
769 2335 835 2378 sit,
862 2340 896 2371 et
919 2347 986 2381 quo
1006 2336 1105 2370 nullo
1127 2331 1229 2380 pacto
1251 2335 1404 2381 intelligi
1426 2339 1543 2380 queat,
1564 2347 1625 2371 en-

239 2397 418 2442 spicamur
444 2399 521 2440 post
541 2408 608 2442 quo
632 2396 802 2432 excidisse
822 2402 973 2441 remoto,
1003 2397 1080 2433 sive
1099 2395 1136 2431 id
1157 2391 1387 2431 similitudine
1408 2395 1624 2444 sequentium

240 2457 457 2499 litterarum,
489 2457 564 2492 sive
589 2458 661 2493 alia
682 2468 807 2493 caussa
826 2458 962 2493 factum
984 2461 1047 2493 est.
1093 2458 1170 2493 lam
1192 2467 1261 2491 uon
1282 2457 1397 2492 solum
1417 2457 1626 2492 constructio

240 2516 447 2563 planissima
477 2520 549 2559 est,
573 2518 634 2551 sed
660 2518 832 2553 sententia
860 2529 999 2563 quoque
1031 2517 1212 2563 aptissima
1228 2521 1280 2558 vet
1302 2528 1383 2551 cum
1404 2517 1628 2561 sequentibus

242 2578 443 2622 conspirans
470 2577 598 2622 prodit.
642 2578 723 2612 1100
754 2579 849 2613 enim
879 2578 964 2613 dicit
986 2579 1168 2613 Bocchus:
1190 2589 1234 2612 ne
1254 2577 1448 2622 Iugurthae
1468 2577 1628 2623 legatum

242 2635 524 2684 pertimesceret}
554 2647 598 2672 eo
623 2637 717 2671 enim
739 2642 921 2682 praesente
950 2649 1020 2673 non
1048 2650 1136 2684 opus
1162 2649 1255 2681 esse,
1290 2637 1407 2672 dicere
1436 2638 1480 2672 de
1511 2639 1628 2681 rebus,

242 2709 331 2744 quas
352 2698 457 2735 illum
479 2697 569 2733 scire
591 2698 712 2741 nollet,
733 2699 796 2734 sea
816 2704 896 2744 post
919 2701 1010 2734 clam
1033 2710 1072 2734 eo
1094 2700 1206 2734 libere
1228 2698 1312 2743 quid
1335 2698 1413 2734 fieri
1436 2699 1543 2734 vellet
1565 2699 1628 2734 do-

244 2761 358 2801 oeret5
381 2759 487 2795 aliter
509 2759 603 2794 enim
617 2784 627 2802 ,
651 2758 675 2796 i.
700 2770 732 2795 e.
755 2770 825 2794 non
848 2758 915 2794 uisi
939 2759 1085 2795 consilio
1106 2758 1161 2795 bis
1183 2759 1497 2805 habito‚„quorum
1519 2759 1630 2805 priori
