1702 2982
199 163 256 208 22
578 169 626 210 C.
658 169 988 212 SALLUSTI
1017 169 1238 213 CRISPI

199 283 243 326 in
288 291 496 328 senatum
540 288 857 347 pervenerint,
914 287 1125 349 profecto
1170 287 1486 349 existimabunt
1529 301 1604 333 me

199 379 347 441 magis
377 382 537 426 merito
574 399 711 442 quam
746 385 928 446 ignavia
961 385 1175 430 iudicium
1212 385 1346 429 animi
1383 386 1473 429 mei
1503 400 1606 430 mu-

199 478 390 538 tavisse,
427 480 662 540 maiusque
696 483 987 528 commodum
1025 499 1079 528 ex
1115 484 1208 528 otio
1242 498 1347 528 meo
1382 497 1520 543 quam
1548 498 1604 528 ex

199 632 323 667 eudem
355 635 601 671 enunciatioue
633 637 784 672 mutavit
816 637 926 673 etiam
957 639 1031 673 Cic.
1065 639 1152 684 Epp.
1185 639 1230 674 ad
1262 639 1367 674 Attic-
1398 639 1436 680 1,
1459 638 1494 672 l.
1515 642 1602 673 extr.

205 695 310 729 Vides
333 697 422 730 enim
435 722 445 740 ‚
479 698 515 731 in
533 701 597 742 ᾲιιο
619 710 723 732 cursu
746 711 763 732 s
775 711 924 741 umus,
949 705 983 735 et
1001 712 1107 745 qaam
1130 711 1246 734 omnes
1262 701 1403 745 gratim
1417 711 1485 733 non
1503 700 1604 734 modo

198 757 415 802 retinendas,
438 769 560 792 verum
580 761 687 794 etiam
708 761 939 805 acquirendas
958 765 1114 806 putem
1127 773 1187 795 us.
1235 762 1380 796 Poterat
1403 772 1486 795 sane
1506 761 1604 794 dice-

198 828 238 851 re
261 818 390 860 simus,
422 819 481 853 sed
505 824 544 855 ut
567 832 687 855 rerum
711 821 973 863 condicionem,
1004 822 1119 866 qualis
1142 826 1218 856 tum
1241 826 1336 863 erat,
1370 822 1473 865 plane
1502 831 1605 865 prue-

198 884 334 914 sentem
358 880 520 923 sisteret,
545 892 664 916 sumus
687 882 874 926 praetulit3
902 882 1041 927 gratiae
1067 894 1151 916 vero
1175 883 1331 934 studiugn
1354 887 1524 927 quantum
1549 894 1605 916 cs-

197 944 250 974 set
274 940 357 984 quia
377 942 514 976 Atticus
539 943 728 988 cogitando
753 946 889 977 tantum
915 943 1054 987 assequi
1085 947 1244 988 poterat,
1275 955 1388 987 neque
1412 943 1507 976 enim
1529 946 1605 977 stu-

198 1002 248 1036 dii
281 1003 488 1049 magnitudo
522 1016 584 1048 per
615 1016 652 1038 se
681 1007 795 1048 potest
826 1004 998 1048 spectari,
1033 1015 1102 1038 non
1134 1008 1272 1048 poterat
1294 1004 1361 1039 nisi
1385 1003 1605 1039 coniunctim

198 1064 385 1101 declarari.
433 1065 532 1099 Coel.
566 1065 631 1109 (iu
655 1065 730 1099 Cic.
756 1065 846 1109 Epp.
872 1065 917 1099 ad
942 1065 1082 1099 Fanum.
1106 1064 1170 1100 lib.
1197 1064 1317 1109 vul.)
1353 1067 1418 1110 Ep.
1442 1066 1470 1108 1,
1494 1065 1529 1100 4.
1566 1067 1606 1100 Si

198 1126 283 1171 qnia
301 1127 417 1160 maius
438 1131 555 1160 actam
575 1126 662 1168 erit,
688 1130 723 1160 et
740 1127 1029 1170 quemadmodum
1054 1131 1209 1160 actum
1235 1126 1321 1167 sit,
1356 1132 1390 1161 et
1416 1136 1507 1171 quae
1533 1127 1602 1160 exi-

199 1188 355 1223 stimatio
383 1194 523 1228 secuta,
556 1198 715 1232 quaeque
735 1187 778 1221 de
800 1198 840 1222 eo
860 1199 937 1232 spes
963 1193 1029 1222 est
1053 1188 1245 1233 diligenter
1260 1188 1326 1222 tibi
1342 1188 1601 1232 perscribimus.

198 1246 283 1281 Ter.
307 1248 415 1283 Andr.
439 1248 498 1291 IV,
523 1248 558 1290 l,
585 1248 644 1283 26.
671 1248 794 1283 Nescis
816 1249 957 1293 quantis
980 1249 1017 1282 in
1037 1249 1142 1283 malis
1163 1260 1322 1294 verser
1344 1250 1468 1290 miser,
1492 1260 1605 1294 quan-

198 1314 318 1354 tosqae
346 1310 402 1344 hic
428 1310 500 1344 sais
525 1310 677 1343 consiliis
700 1309 788 1344 mihi
814 1310 1019 1353 confecit
1043 1311 1292 1344 sollicitudines
1300 1322 1314 1351 ‚-
1347 1309 1476 1354 quippe
1497 1310 1605 1344 Pam-
1651 1315 1665 1323 “

197 1370 319 1414 philus
351 1370 582 1405 commotiore
613 1369 732 1405 animo
762 1373 856 1404 totus
891 1374 946 1404 est
979 1370 1015 1404 in
1046 1371 1152 1405 rebus
1175 1370 1326 1406 miseris.
1373 1370 1488 1406 Rutil.
1514 1371 1603 1415 Lup.

196 1431 240 1473 Π,
264 1430 300 1466 8.
325 1444 360 1476 p.
384 1412 465 1466 lli.
493 1432 651 1475 Quaeres
675 1443 699 1466 a
729 1443 804 1474 me,
829 1443 895 1476 quo
925 1433 1000 1466 iure
1030 1433 1184 1466 obtinere
1205 1432 1396 1475 possim,
1433 1443 1499 1477 quo
1527 1432 1605 1467 iare

196 1491 286 1526 mihi
311 1492 505 1537 Polyaenus
527 1493 751 1538 reliquit,
772 1492 918 1538 praetor
941 1493 1051 1528 dedi
1058 1498 1072 1528 t
1093 1490 1372 1538 possessionem?
1394 1491 1456 1525 ubi
1481 1496 1606 1526 orator

196 1554 337 1587 fervore
381 1554 551 1589 orationis
590 1554 757 1599 abreptus
797 1555 911 1589 solam
947 1565 1092 1589 caussae
1127 1554 1301 1589 rationem
1332 1556 1369 1587 et
1400 1552 1457 1587 ius
1488 1552 1605 1587 effert.

198 1614 352 1649 Omnino
384 1627 454 1650 non
486 1615 702 1661 negligenda
732 1619 812 1650 sunt
844 1626 936 1659 quae
968 1615 1077 1650 Otto
1113 1615 1199 1650 scite
1233 1614 1371 1649 monuit
1394 1615 1439 1649 ad
1463 1614 1537 1649 Cic.
1561 1614 1606 1649 de

197 1676 299 1710 Finn.
322 1676 368 1718 11,
394 1676 451 1720 19,
476 1676 535 1710 61.
573 1677 668 1711 Num
702 1677 739 1710 P.
769 1676 894 1710 Decius
927 1689 1055 1722 qaum
1093 1688 1141 1711 se
1175 1677 1430 1711 devoveret
1454 1681 1495 1711 et
1519 1687 1604 1721 equo

198 1737 348 1772 admisso
367 1737 406 1771 in
423 1736 576 1772 mediam
597 1739 710 1773 aciem
729 1737 937 1771 Latinorum
962 1738 1060 1771 irru
1073 1738 1197 1779 ebat,
1220 1737 1356 1782 aliquid
1376 1738 1420 1771 de
1440 1738 1604 1781 volupta—

197 1799 292 1833 tibus
316 1799 388 1832 suis
409 1798 620 1844 cogitabat?
666 1798 721 1833 Ad
744 1810 849 1843 quem
875 1799 991 1832 locum
1005 1824 1016 1841 ‚
1049 1803 1169 1832 nostro
1191 1809 1261 1831 non
1284 1809 1427 1842 parem,
1451 1802 1488 1832 at
1511 1803 1605 1832 certe

196 1858 370 1904 similem,
396 1860 460 1894 ille
482 1860 524 1896 V.
553 1861 617 1894 Da
652 1860 762 1893 Posse
784 1860 941 1894 diversos
964 1860 1108 1901 moues,
1138 1859 1270 1903 iuquit,
1301 1869 1364 1903 per
1386 1859 1605 1903 copulativae

198 1921 390 1966 particulas
413 1920 599 1966 coniungi,
625 1923 661 1955 et
684 1921 946 1966 coniungendas
970 1932 1064 1961 esse,
1089 1921 1122 1954 εἰ
1150 1921 1331 1964 utriusque
1362 1920 1458 1954 modi
1486 1931 1605 1956 seruus

199 1988 252 2017 est
272 1983 449 2025 diversus,
473 1981 645 2026 exemplis
667 1981 792 2016 multis
814 1982 932 2016 docuit
954 1982 1168 2016 Ramshorn.
1195 1993 1229 2026 p.
1253 1980 1334 2016 694.
1348 2007 1359 2026 ‚
1395 1982 1456 2025 qui
1480 1982 1605 2016 udum—

199 2045 340 2079 bratam
364 2048 498 2079 tantum
522 2043 630 2077 huius
653 2043 822 2078 orationis
845 2042 1136 2078 conformationis
1154 2041 1351 2087 imaginem
1376 2042 1492 2086 dedit,
1510 2053 1605 2087 vquae

199 2117 306 2150 quam
335 2106 407 2140 late
432 2108 572 2150 pateat,
610 2103 682 2138 alio
717 2104 796 2138 loco
820 2104 954 2138 docebo
974 2103 1143 2147 exemplis
1169 2104 1214 2137 ab
1238 2103 1316 2148 ipso
1339 2104 1508 2138 Cicerone
1531 2105 1604 2139 lur-

199 2168 293 2213 giter
324 2167 455 2214 positis.
505 2166 617 2200 Recte
646 2166 740 2200 hanc
771 2165 1087 2199 conformationem
1111 2163 1240 2198 dixeris
1263 2166 1453 2200 orationem
1481 2166 1604 2200 varia-

200 2234 296 2272 tam,
333 2229 425 2274 quod
457 2239 588 2262 novum
623 2230 729 2271 caput
763 2238 883 2261 rerum
914 2225 1232 2272 grammaticarum
1256 2226 1454 2261 addendum
1478 2226 1546 2260 erit
1567 2225 1603 2260 iu

199 2292 416 2334 postremum
441 2299 463 2323 a
486 2288 732 2335 grammaticis
762 2288 890 2322 nostris
912 2286 1072 2333 syntaxi,
1103 2297 1172 2320 non
1204 2289 1322 2320 tamen
1353 2292 1503 2322 ornatae
1535 2287 1603 2330 illi,

200 2350 260 2384 sed
280 2349 478 2393 communi,
503 2350 588 2395 quia
605 2350 694 2384 haec
712 2349 825 2384 oratio
845 2353 897 2383 est
911 2348 1102 2392 naturalis,
1132 2359 1201 2392 qua
1219 2348 1250 2382 si
1267 2360 1338 2382 noa
1353 2349 1504 2388 utimar,
1527 2348 1604 2382 ubi

201 2411 344 2445 adest
377 2423 502 2453 usus,
534 2412 627 2445 male
654 2411 781 2446 Latine
803 2412 993 2445 scribimus.
1027 2428 1073 2436 -
1104 2410 1175 2445 Pro
1197 2411 1432 2455 magistratus
1460 2409 1605 2452 plurimi

201 2470 302 2508 codd.
326 2470 446 2504 Leidd.
470 2474 745 2518 magistratum3
767 2483 892 2515 parum
917 2472 1109 2506 commode.
1158 2465 1248 2506 Nam
1272 2469 1460 2504 Sallustius
1481 2474 1605 2514 aperte
1637 2505 1644 2512 ,

202 2544 270 2566 non
289 2533 332 2566 de
351 2543 420 2566 uno
437 2544 580 2567 munere
598 2533 765 2578 loquitur,
787 2533 847 2566 sed
870 2532 990 2567 omnin.
1008 2531 1262 2575 complectitur,
1287 2531 1322 2564 id
1341 2532 1434 2575 quod
1450 2531 1604 2565 maxime

202 2599 297 2638 putet
321 2605 363 2628 cx
386 2594 503 2628 verbis
527 2595 649 2639 quibus
671 2594 894 2639 temporibus.
941 2592 1115 2638 {ntenigit
1137 2597 1254 2626 autem
1280 2596 1524 2636 quaesturam,
1547 2591 1603 2626 bi·

202 2660 360 2701 gestam,
394 2655 634 2697 tribunatum,
669 2659 706 2690 ct
732 2659 958 2700 praeturam,
989 2665 1076 2698 quos
1107 2653 1258 2687 honores
1286 2663 1406 2686 omnes
1439 2652 1602 2696 obtinuit,

201 2726 310 2761 quum
334 2717 409 2751 iam
433 2716 587 2760 respubl.
612 2715 772 2750 Caesaris
793 2720 829 2750 et
852 2715 1013 2760 Pompeii
1037 2714 1272 2750 aemulatione
1295 2719 1331 2749 et
1351 2713 1497 2748 occultis
1513 2713 1603 2747 odiis

203 2776 336 2823 agitari
364 2781 398 2812 et
428 2775 646 2811 commoveri
678 2779 806 2820 coepta
835 2781 921 2811 erat.
955 2794 1001 2802 »-
1046 2776 1171 2811 Postea
1202 2786 1293 2821 qaae
1324 2774 1461 2821 genera
1491 2773 1603 2808 laomi-

1662 1700 1673 1718 δ
