1716 2996
215 168 303 213 444
582 166 629 211 G.
659 165 995 212 SALLUSTI
1023 167 1251 215 GRISPI

215 283 417 329 militiam
454 297 561 342 eos,
610 298 725 343 quos
767 284 881 332 nolis
925 284 1188 347 offendere,
1242 286 1367 333 domi
1410 290 1611 352 forisque
1656 285 1657 289 ¹

214 380 364 427 omnia
397 395 578 441 curare,
626 386 672 427 et
714 383 769 427 ea
811 397 951 445 agere
985 383 1100 430 inter
1134 384 1333 445 invidoS,
1368 401 1609 435 occursan-

176 479 268 524 4tis
283 512 297 537 ,
331 478 569 536 factiosos,
613 479 855 540 opinione,
892 481 1117 540 Quirites,
1148 483 1350 544 asperius
1384 490 1465 531 est.
1533 486 1611 532 Ad

209 576 304 622 hoc
339 575 412 620 alii
444 576 482 620 si
510 574 761 637 deliquere,
795 583 924 623 vetus
959 578 1181 637 nobilitas,
1215 580 1433 626 maiorum
1475 582 1609 628 fortia

212 674 357 746 facte,
393 678 689 734 cognatorum
725 680 772 719 et
803 675 1008 722 affinium
1041 691 1180 736 opes,
1225 678 1392 723 multae
1421 678 1607 726 cliente-

208 773 310 828 lae,
357 771 508 816 omnia
541 770 658 816 haec
692 772 918 833 praesidio
958 779 1132 829 assunt3
1167 774 1278 819 mihi
1309 791 1415 836 spes
1451 791 1606 824 omues

211 941 420 977 universum
442 939 571 976 dicitur
602 940 647 976 de
668 940 794 987 quovis
816 952 980 986 munere,
1003 941 1119 978 favori
1143 945 1178 978 et
1202 943 1465 978 benevolentiae
1484 945 1606 990 populi

207 1002 341 1037 debito.
366 1013 401 1036 v.
438 1002 521 1037 Car.
545 1001 664 1037 Beier.
699 1003 745 1038 ad
772 1003 846 1038 Cic.
881 1002 952 1038 off.
986 1003 1041 1046 11,
1066 1001 1134 1048 19,
1156 1003 1216 1038 67.
1263 1004 1318 1038 lta
1339 1004 1429 1048 Spu.
1446 1005 1605 1050 loquitur

205 1064 317 1099 etiam
348 1065 382 1106 §-
406 1062 441 1098 8.
476 1066 512 1098 et
542 1063 623 1106 26.;
656 1063 704 1099 cf.
736 1063 846 1100 etiam
879 1074 988 1108 supra
1026 1064 1071 1099 ad
1105 1075 1136 1099 e.
1163 1064 1295 1106 XXXI,
1318 1065 1378 1102 162
1426 1066 1606 1111 Beneficia

203 1130 323 1160 vostra
340 1133 449 1170 penes
471 1129 648 1169 optumos,
680 1137 750 1160 ποπ
781 1124 1042 1159 audacissumos
1058 1126 1203 1168 forent,
1235 1124 1298 1160 ubi
1321 1135 1355 1158 v.
1379 1124 1506 1160 Faber.
1530 1125 1604 1161 Cic.

205 1198 242 1231 p.
266 1185 363 1220 Mur.
386 1197 418 1222 c.
440 1185 469 1227 1,
501 1184 537 1220 2.
561 1185 598 1219 in
622 1179 720 1219 verr.
745 1186 786 1227 V,
812 1185 872 1228 7⁰,
896 1185 976 1222 180.
1001 1186 1101 1221 Caes.
1123 1186 1170 1222 Β.
1193 1185 1233 1222 C.
1249 1187 1278 1229 Ι,
1301 1185 1337 1221 9.
1362 1203 1410 1211 —-
1432 1186 1502 1220 Eos
1525 1189 1605 1220 ante

202 1257 288 1292 quos
312 1257 383 1280 non
408 1244 541 1290 legitur
570 1245 608 1280 in
639 1246 710 1282 luc.
734 1246 768 1280 l.
799 1247 905 1280 Rem.
929 1246 965 1280 2.
992 1246 1090 1281 Leid.
1113 1247 1153 1281 C.
1187 1250 1222 1282 et
1253 1247 1352 1282 Flor.
1378 1247 1413 1284 1.
1459 1246 1604 1282 Cottius

202 1305 349 1349 omisit,
373 1306 545 1350 probante
564 1306 757 1341 Gerlachio
779 1306 817 1341 in
840 1308 1037 1342 Comment.
1061 1319 1096 1351 p.
1119 1306 1200 1342 316.
1247 1307 1316 1342 Sed
1339 1307 1431 1351 vide,
1453 1320 1498 1344 ne
1521 1320 1626 1345 eum-

200 1368 323 1413 aliqna
345 1366 382 1401 vi
410 1365 546 1400 dictum
579 1365 754 1412 significet
783 1368 898 1412 tales,
931 1372 1005 1402 tam
1028 1379 1147 1411 caros,
1182 1369 1275 1412 quod
1307 1368 1392 1419 huie
1430 1370 1511 1405 loco
1541 1381 1602 1405 ac-

202 1426 570 1464 commodatissimum
601 1427 767 1470 videtur,
798 1439 909 1472 quum
931 1427 1068 1462 Marius
1091 1428 1254 1463 subiiciat
1275 1441 1359 1474 quos
1380 1431 1469 1466 nolis
1491 1432 1601 1475 offen-

202 1492 300 1526 dere.
323 1506 371 1516 —
402 1487 502 1522 Foris
533 1498 602 1521 non
639 1498 710 1521 uno
740 1488 847 1524 modo
876 1488 1077 1533 oppositum
1108 1491 1162 1524 est
1192 1489 1285 1523 doma·
1311 1490 1412 1536 voci,
1441 1495 1482 1526 ut
1511 1493 1602 1528 bene

203 1551 355 1587 ostendit
377 1548 518 1584 Cottius
547 1549 593 1583 ad
625 1548 731 1583 Catil.
763 1550 847 1593 LII,
880 1550 939 1586 21.
988 1549 1135 1594 Proprie
1166 1549 1260 1584 enim
1281 1550 1375 1586 domn·
1406 1551 1534 1587 dicitur
1555 1553 1601 1588 do

199 1613 269 1656 iis,
292 1623 383 1657 quae
406 1611 451 1646 ad
475 1609 620 1644 domum
643 1609 812 1654 cuiusque
832 1613 1011 1657 privatam
1038 1623 1163 1657 resque
1185 1613 1393 1648 domesticas
1415 1613 1600 1658 pertinent,

200 1674 329 1719 quibus
351 1684 442 1717 quae
464 1671 647 1716 oppositae
675 1675 755 1706 sunt
776 1684 833 1708 res
854 1676 953 1708 extra
985 1672 1131 1707 domum
1163 1673 1209 1708 ad
1232 1672 1366 1708 alienos
1391 1673 1600 1716 pertinentes

193 1734 288 1781 soris
319 1733 495 1768 vocabulo
524 1732 887 1777 comprehenduntur-3
920 1734 967 1770 cf.
998 1734 1075 1769 Cat.
1108 1733 1177 1768 XX
1189 1760 1200 1777 ‚
1231 1732 1290 1768 13.
1341 1732 1448 1767 Nobis
1478 1734 1599 1769 domi

197 1782 343 1841 iuopia,
372 1794 503 1839 foris
535 1805 596 1829 aes
620 1795 787 1830 alienum.
818 1795 936 1831 Plaut.
962 1794 1099 1831 Cistell.
1123 1794 1170 1836 11,
1193 1793 1228 1836 1,
1251 1794 1286 1829 2.
1335 1793 1438 1828 Hane
1462 1806 1529 1840 ego
1552 1795 1598 1831 de

198 1868 256 1891 me
279 1855 512 1891 coniecturam
547 1856 669 1891 domi
704 1857 829 1901 facio,
858 1868 903 1891 ne
927 1857 1058 1901 soris
1089 1865 1268 1899 quaeram.
1291 1854 1432 1890 Sueton.
1456 1855 1540 1890 Ner.
1563 1867 1596 1890 c.

197 1916 258 1960 36,
282 1916 331 1951 in.
378 1916 456 1951 Nec
478 1917 611 1952 minore
646 1918 798 1952 saevitia
835 1917 958 1962 foris
995 1921 1030 1952 et
1059 1916 1098 1950 in
1136 1920 1270 1951 exteros
1299 1921 1486 1962 grassatus
1521 1920 1595 1958 σείς

199 1978 238 2013 iu
269 1976 509 2022 superioribus
531 1978 626 2013 enim
650 1979 774 2013 caedes
807 1978 1012 2013 domesticas
1041 1980 1257 2028 narraverat.
1303 1976 1398 2011 Tum
1422 1977 1517 2011 domi
1539 1975 1595 2011 di·-

196 2039 292 2075 eitur
314 2039 359 2073 de
380 2039 487 2074 rebus
508 2041 672 2083 urbanis,
702 2039 740 2074 in
763 2040 882 2074 Roma
903 2039 1013 2081 urbe,
1035 2037 1179 2082 imperii
1201 2038 1307 2082 sede,
1329 2048 1352 2072 a
1375 2036 1507 2072 Senatu
1530 2047 1595 2082 po-

196 2101 353 2146 puloque
375 2100 522 2146 agendis
537 2126 549 2142 ‚
572 2112 642 2145 quo
664 2111 767 2135 sensu
786 2101 878 2145 foris
901 2098 1022 2134 omnia
1044 2110 1110 2142 ea,
1141 2109 1232 2143 quae
1253 2098 1301 2134 ad
1322 2098 1493 2144 regendas
1512 2087 1605 2143 pro-¹

197 2163 337 2197 vincias
367 2165 402 2197 et
426 2161 599 2197 ‘devictas
639 2165 762 2208 gentes
791 2160 990 2206 pertinent,
1025 2160 1206 2206 designat,
1247 2160 1346 2195 cuius
1375 2158 1514 2206 generis
1544 2162 1595 2194 est
1670 2188 1672 2190 .

196 2227 320 2258 noster
352 2224 475 2266 locus,
507 2226 543 2258 et
577 2223 654 2258 Cat.
678 2223 762 2265 Lu,
784 2221 843 2258 21.
892 2222 1046 2257 Maiores
1068 2232 1219 2267 mog-nos
1236 2223 1354 2266 secere
1385 2219 1508 2255 doni
1536 2219 1593 2254 ἰη-

196 2283 356 2328 dustria,
382 2284 513 2329 soris
547 2284 678 2319 iustum
709 2283 904 2328 imperium.
949 2282 1109 2328 Denique
1130 2281 1215 2317 huie
1242 2281 1322 2317 usui
1345 2284 1516 2326 cognatus
1539 2282 1592 2315 est

196 2344 248 2387 is,
272 2355 351 2389 quo
385 2345 478 2379 domi
504 2345 665 2390 forisque
688 2344 733 2378 de
755 2355 842 2389 paee
864 2343 1029 2388 belloque
1052 2342 1202 2385 dicitur,
1230 2345 1270 2378 ut
1289 2342 1383 2386 soris
1405 2341 1499 2387 idem
1517 2341 1590 2375 fere

196 2405 244 2441 sit
279 2408 387 2449 atque
419 2405 500 2439 belli
508 2417 525 2447 ‚-
556 2405 606 2439 ef.
630 2404 701 2439 Cic.
726 2406 769 2439 de
792 2404 864 2442 Off.
887 2405 916 2448 1,
937 2404 998 2447 22,
1019 2403 1078 2439 76.
1126 2403 1233 2438 Parvi
1255 2402 1346 2438 em'm
1363 2401 1487 2445 soris
1509 2405 1591 2436 sunt

197 2477 324 2509 amn,
354 2465 424 2499 nisi
453 2465 502 2500 sit
532 2466 712 2500 constitua
749 2466 886 2507 domi,
920 2476 1024 2509 quem
1057 2465 1177 2500 locum
1201 2475 1245 2498 ex
1265 2461 1450 2508 ingeniosa
1471 2460 1589 2496 Beieri

196 2526 442 2563 emendatione
475 2525 714 2560 exhibuimus.
768 2527 867 2561 Idem
904 2525 1050 2561 contulit
1083 2525 1200 2559 Valet.
1230 2523 1330 2558 Max.
1366 2522 1426 2563 11,
1457 2521 1502 2565 9,
1534 2534 1587 2568 pr.
1633 2571 1635 2573 ι

200 2589 296 2633 Quid
319 2588 410 2623 enim
430 2587 571 2633 prodest
593 2587 720 2630 soris
750 2598 823 2622 esse
845 2592 1043 2630 strennum,
1076 2585 1109 2619 si
1131 2583 1251 2619 domi
1276 2584 1368 2619 male
1389 2584 1588 2634 vinitor.—

199 2651 248 2686 Et
271 2652 352 2684 ante
372 2660 418 2684 ea
440 2658 553 2694 agere
581 2657 651 2681 non
683 2646 834 2682 tenuiter
862 2646 1024 2692 adiungit
1051 2644 1231 2690 sequentia
1265 2643 1494 2690 antegressis,
1521 2640 1587 2678 'sed

197 2721 243 2745 ea
266 2712 463 2756 exaggerat
485 2711 522 2745 et
541 2707 714 2753 adauget,
754 2706 807 2741 ita
837 2709 878 2741 nt
910 2706 1004 2742 idem
1026 2706 1145 2741 valeat
1174 2709 1279 2750 atque
1300 2709 1335 2741 et
1357 2705 1517 2750 quiderm·
1538 2703 1586 2740 οἳ.

196 2770 242 2805 ud
274 2780 313 2809 α·
339 2770 496 2812 xxxa,
518 2769 554 2806 2.
586 2769 658 2813 GV,
679 2767 714 2806 4.
745 2769 891 2815 Fragm.
922 2767 1015 2803 Hist.
1047 2768 1087 2814 1,
1111 2766 1171 2811 19,
1203 2766 1238 2802 1.
1290 2765 1416 2801 Omnia
1446 2765 1588 2802 turbata
