1716 2996
270 241 424 300 Quum
451 248 602 290 autem
630 244 831 290 editionis
860 249 1039 291 nostrae
1071 244 1184 291 ratio
1213 244 1276 291 ita
1306 219 1502 292 instituta
1522 253 1653 306 esset,

268 350 318 391 ut
356 347 564 392 universo
600 352 771 392 tantum
811 347 944 408 operi
981 347 1144 408 plenus
1180 347 1316 393 index
1352 349 1652 408 subiiceretur,

267 447 346 508 qui
371 454 555 509 praeter
591 450 920 496 annotationem
956 450 1015 495 ad
1047 449 1282 496 Catilinam
1313 455 1358 496 et
1389 451 1653 513 Iugurtham

268 566 323 595 ea
353 551 488 596 etiam
517 553 917 614 complecteretur,
962 568 1079 613 quae
1109 553 1156 597 in
1187 552 1580 614 Fragmentorum'
1596 555 1655 598 il-

267 652 525 700 lustratione
563 654 787 717 disputata
818 659 988 713 essent,
1030 655 1075 700 in
1113 670 1169 700 eo
1191 656 1387 724 *consilio
1414 657 1656 702 etiamnum

266 756 562 817 perstandum
599 773 845 804 censemus.
923 757 997 803 Ne
1038 757 1109 802 cui
1140 757 1276 819 igitur
1311 757 1427 804 haec
1456 759 1570 804 inter
1606 774 1656 804 se

266 872 476 920 pugnare
503 860 758 919 videantur,
795 875 897 918 θος,
927 874 1118 920 quorum
1141 861 1385 906 rationibus
1408 875 1526 906 nunc
1546 875 1657 904 con·-

269 960 416 1006 sulere
467 964 694 1021 constitui,
749 963 942 1008 monitos
986 934 1143 1020 v'elim,
1197 968 1248 1007 ut
1294 962 1489 1007 indicem
1533 962 1656 1007 hunc

268 1065 580 1111 tantummodo
610 1065 680 1111 ad
710 1071 933 1126 tempus
963 1066 1046 1111 sibi
1066 1066 1221 1110 datum
1239 1065 1502 1121 existiment,
1522 1081 1656 1124 quem

269 1172 489 1227 seponant
517 1183 571 1213 ac
595 1184 688 1214 non
714 1174 890 1214 exstare
919 1173 1092 1229 putent,
1119 1168 1199 1213 ubi
1226 1166 1439 1214 volumen
1464 1169 1656 1226 tertium,

268 1269 473 1330 pleniore
502 1270 579 1314 illo
613 1270 899 1327 instructum,
934 1271 1165 1332 prodierit.
1237 1270 1376 1326 Quod
1408 1286 1500 1329 quo
1526 1286 1656 1316 com-

269 1370 447 1416 modius
487 1373 589 1428 fiat,
634 1371 828 1430 suadeo,
871 1387 930 1417 ne
970 1373 1067 1431 quis
1096 1371 1218 1416 hunc
1248 1371 1551 1432 appendicem
1583 1387 1658 1416 se-

270 1473 421 1521 cundo
453 1474 665 1519 volumini
692 1490 778 1535 per
812 1474 1126 1534 bibliopegum
1162 1474 1534 1534 agglutinandum
1575 1490 1657 1519 cu-

269 1583 363 1636 ret,
413 1577 497 1622 sed
532 1592 734 1623 seorsum
772 1576 940 1622 habeat
980 1591 1036 1621 ac
1079 1591 1160 1621 suo
1195 1581 1402 1637 tempore
1440 1591 1469 1620 a
1508 1581 1658 1620 nostra

272 1678 469 1726 Sallustii
500 1680 694 1726 editione
725 1694 910 1741 prorsus
944 1684 1187 1727 removeat.
1257 1678 1440 1723 Interim
1468 1684 1517 1724 ut
1542 1679 1659 1724 haec

272 1797 414 1844 opera
446 1790 597 1828 nostra
624 1797 762 1842 quam
788 1781 989 1843 plurimis
1019 1780 1258 1826 commode
1281 1780 1490 1826 adveniat
1517 1780 1660 1826 vehe-

272 1891 446 1931 menter
469 1890 746 1946 exoptamus.

350 2022 617 2070 scribebam
646 2021 819 2069 Erfurti
849 2021 894 2069 d.
922 2021 998 2066 VI.
1030 2020 1097 2067 ld.
1132 2018 1319 2066 Octobr.
1349 2034 1657 2065 mncccxxxlv.
