1716 2996
212 183 297 225 466
582 178 629 222 C.
659 176 985 222 SALLUSTI
1014 172 1236 222 CRISPI

160 288 164 291 ”
215 297 488 342 decoravere
528 295 789 356 turpissumi
831 295 938 355 viri,
985 296 1210 341 bonorum
1253 291 1457 358 praemia
1507 313 1609 344 ere-

147 413 202 456 43
214 400 344 457 ptum
381 399 510 447 eunt3
544 393 605 437 ita
639 392 936 437 iniustissume
970 393 1143 439 luxuria
1180 400 1227 439 et
1261 396 1470 457 ignavia,
1504 411 1611 457 pes-

216 506 371 537 sumae
409 496 550 549 artes,
592 490 700 547 illis,
744 490 823 549 qui
869 490 1051 536 coluere
1095 507 1196 550 eas,
1240 492 1351 538 nihil
1397 491 1613 550 officiunt,

148 607 202 649 44
214 588 493 649 reipublicae
531 584 736 633 innoxiae
772 587 891 632 cladi
925 593 1037 636 sunt.
1109 589 1244 634 Nunc
1259 622 1273 647 ‚
1310 591 1526 650 quoniam
1560 591 1616 635 il-

216 688 290 743 lis,
327 691 545 745 quantum
579 700 730 730 mores
765 684 878 743 mei,
914 701 1005 730 non
1038 686 1219 731 illorum
1253 687 1424 748 flagitia
1457 703 1618 749 posce-

152 784 351 843 45bcnt,
397 782 649 844 respondi,
692 785 840 844 pauca
884 783 944 829 de
997 785 1232 845 republica
1273 786 1447 844 loquar.
1517 784 1619 830 Pri-

216 897 341 926 mum
390 881 590 926 omnium
630 880 688 924 de
734 881 949 925 Numidia
984 882 1157 927 bonum
1199 881 1367 926 habete
1407 882 1620 935 animum,

218 978 441 1035 Quirites3
488 975 594 1022 nam
634 992 750 1036 quae
794 977 854 1021 ad
888 977 979 1022 hoc
1026 985 1208 1039 tempus
1243 979 1516 1040 Iugurtham
1547 986 1620 1023 tu-

170 1078 173 1080 *
218 1082 311 1120 tata
357 1079 484 1130 sunt,
531 1075 682 1119 omnia
723 1075 997 1133 removistis,
1045 1075 1300 1136 avaritiam,
1338 1074 1622 1136 imperitiam,

221 1172 498 1234 superbiam.
551 1172 730 1217 Deinde
766 1173 987 1218 exercitus
1022 1173 1085 1218 ibi
1121 1178 1189 1218 est
1223 1174 1427 1218 locorum
1463 1173 1623 1230 sciens,

316 1325 350 1373 §.
373 1325 421 1362 42
440 1345 483 1353 ·-
501 1323 559 1359 45.
605 1337 675 1359 non
699 1327 750 1360 est
774 1324 852 1371 ita]
876 1325 987 1360 Pauci
1011 1325 1109 1360 codd.
1133 1337 1203 1360 ποη
1225 1326 1277 1361 ita
1300 1331 1364 1370 est,
1387 1326 1431 1361 de
1453 1339 1522 1372 quo
1547 1339 1627 1361 ver-

221 1390 350 1424 borum
372 1387 495 1422 ordine
524 1397 559 1420 v.
596 1386 780 1445 adfiatu.
818 1387 888 1429 LI,
911 1388 970 1421 11.
1003 1399 1039 1432 p.
1063 1385 1148 1421 243.
1179 1407 1227 1413 —
1258 1386 1442 1422 Vocabulo
1468 1388 1627 1434 flagitiis

223 1450 397 1499 Gruterus
427 1446 609 1493 praemisit
646 1448 827 1488 omnibus‚·
864 1449 958 1491 qnod
989 1459 1099 1492 quum
1127 1446 1164 1481 in
1187 1447 1288 1483 nullo
1312 1448 1444 1491 Cottii,
1482 1448 1626 1490 Wassii,

224 1509 412 1557 Gerlachii
436 1513 499 1544 aut
529 1512 650 1543 nostro
680 1509 757 1544 cod.
782 1507 999 1552 reperiatur,
1032 1511 1183 1552 exceptox
1200 1508 1275 1543 solo
1299 1508 1404 1544 Bern.
1428 1508 1476 1551 3.,
1500 1509 1627 1543 merito

225 1572 466 1610 obiiciendum
489 1570 569 1604 fuit.
593 1590 639 1596 —
678 1571 847 1615 Ereptum
881 1574 964 1604 eunt
988 1569 1114 1614 explic.
1151 1570 1196 1604 ad
1219 1569 1324 1605 Catil.
1346 1569 1508 1611 xxxvl,
1532 1568 1567 1603 4.
1590 1589 1625 1595 —

227 1624 330 1669 Nihil
363 1631 596 1676 officiunt
630 1631 655 1665 i.
688 1643 720 1666 e.
743 1628 835 1665 nihil
858 1629 1059 1666 detrimenti
1084 1630 1255 1674 afferunt3
1285 1631 1332 1666 cf.
1362 1631 1458 1666 Cort.
1483 1630 1529 1666 ad
1551 1631 1628 1667 Cat.

225 1693 371 1735 xxvn,
392 1693 428 1727 4.
453 1688 609 1730 Gronov.
634 1692 680 1728 ad
703 1691 781 1728 Liv.
804 1691 922 1725 Prael’.
948 1694 980 1735 ἓ.
1007 1691 1043 1726 3.
1065 1690 1113 1726 id.
1137 1693 1183 1737 11,
1209 1693 1244 1737 2,
1269 1692 1303 1727 2.
1331 1711 1375 1717 —
1400 1692 1469 1726 Pro
1492 1691 1628 1731 habete,

177 1743 179 1746 v
227 1756 320 1801 quod
345 1754 424 1789 vat.
449 1754 490 1788 A.
517 1757 551 1789 et
582 1754 690 1799 longe
713 1751 859 1798 plurimi
883 1751 967 1786 libri
1000 1756 1161 1795 tuentur,
1192 1753 1330 1788 Cortius
1362 1763 1404 1786 ex
1426 1751 1570 1786 Fabric.
1594 1751 1629 1785 1.

226 1821 262 1852 et
286 1816 321 1851 2.
346 1815 488 1859 scripsit
511 1815 691 1859 habetote,
718 1813 1015 1858 quemadmodum
1040 1817 1092 1848 est
1114 1813 1224 1848 etiam
1248 1814 1283 1848 in
1306 1812 1427 1848 Leidd.
1450 1813 1493 1847 A.
1518 1813 1555 1848 C.
1580 1813 1626 1848 K.

228 1879 272 1914 N.
296 1877 410 1912 Vatic.
434 1877 469 1911 3.
496 1875 529 1910 5.
554 1875 649 1910 Med.
674 1875 708 1909 5.
743 1875 864 1910 Vcnet.
896 1874 931 1908 2.
960 1874 995 1908 3.
1034 1874 1069 1908 4.
1105 1878 1140 1909 et
1174 1872 1280 1909 mun.
1327 1873 1422 1921 Quin
1443 1875 1630 1917 utrumque

230 1938 303 1974 dici
333 1938 466 1983 possit,
499 1947 569 1971 non
609 1939 662 1970 est
698 1935 866 1976 dubium,
900 1935 1017 1970 forma
1051 1934 1177 1971 habete
1209 1935 1254 1971 ad
1287 1945 1452 1980 praesens
1479 1937 1630 1978 tempus,
1687 1924 1691 1925 ⁷

231 2001 394 2035 habetote
418 1998 537 2042 magis
561 1997 604 2032 ad
630 1998 789 2032 futurum
814 1997 1001 2040 spectante.
1048 1995 1153 2040 Quod
1176 1996 1387 2031 Gerlachius
1409 1999 1528 2031 autem
1551 2006 1631 2028 cen·-

231 2066 283 2097 set
306 2061 470 2095 habetote
494 2058 646 2104 „magis
678 2058 772 2094 truci
811 2058 919 2093 Marii
949 2057 1092 2104 ingenio
1127 2057 1370 2100 convenire,“
1401 2055 1438 2091 id
1460 2055 1630 2100 puerilem

231 2122 379 2157 Latinae
402 2116 547 2167 linguae
569 2120 752 2155 scientiam
782 2119 895 2165 sapit,
927 2119 1098 2163 siquidem
1122 2116 1221 2164 pueri
1244 2118 1406 2154 habetote
1428 2116 1633 2152 convertunt

232 2185 289 2218 ihr
313 2195 360 2218 ⁸0
376 2183 438 2218 llt
463 2183 588 2217 haben.
612 2201 656 2207 --
686 2182 819 2216 Tutum
843 2181 949 2226 longe
974 2179 1122 2225 plurimi
1144 2180 1338 2225 optimique
1360 2177 1444 2212 libri
1468 2181 1630 2216 tuentum,

233 2244 339 2289 pauci
361 2245 494 2278 habent
515 2243 674 2284 tuta;'v.
701 2242 746 2277 ad
770 2254 801 2277 c.
825 2242 901 2285 Lu,
923 2241 958 2276 4.
982 2244 1018 2276 et
1041 2241 1198 2284 LXXIV,
1221 2241 1255 2278 3.
1279 2261 1326 2267 —
1347 2239 1417 2274 Pro
1439 2239 1632 2273 mehercule

234 2306 330 2339 solus
354 2306 433 2340 Vat.
457 2305 499 2340 A.
522 2305 632 2340 habet
654 2303 888 2349 mehercules,
912 2303 956 2338 de
979 2313 1050 2347 qua
1072 2302 1189 2338 forma
1212 2314 1246 2337 v.
1270 2301 1316 2338 ad
1336 2301 1412 2336 cat.
1434 2299 1578 2341 XXXV,
1594 2297 1630 2332 2.

235 2371 272 2402 et
297 2366 371 2409 Lu,
395 2365 454 2400 35.

328 2428 362 2470 §-
386 2426 433 2460 46
451 2445 495 2450 —
529 2424 587 2462 48.
635 2426 792 2460 avaritia
816 2429 880 2460 aut
901 2424 1098 2460 temeritate
1122 2421 1268 2468 ducum]
1292 2419 1433 2456 Bestiae
1453 2416 1634 2460 nimirum,

239 2499 268 2521 c.
293 2486 435 2527 xxix..
459 2486 599 2529 Albini,
623 2498 654 2522 c.
678 2486 852 2528 xxxvl„
875 2485 971 2528 Auli,
994 2497 1026 2520 c.
1049 2484 1225 2519 xxxvn.
1273 2482 1344 2518 Nec
1367 2479 1526 2521 dubium,
1550 2478 1634 2524 quin

239 2548 472 2584 temeritatem
504 2546 612 2581 etiarn
646 2547 683 2581 in
706 2547 893 2582 Metellum
920 2546 1107 2581 contulerit
1132 2544 1289 2587 Marius,
1325 2553 1434 2588 quam
1456 2545 1532 2576 tum
1556 2540 1636 2575 aliis

238 2611 364 2651 rebus,
403 2612 480 2643 tum
510 2607 691 2642 obsidione
723 2607 853 2642 Zamae
885 2610 920 2641 et
952 2603 1148 2640 miserabili
1181 2604 1245 2639 illo
1270 2603 1438 2648 praesidii
1467 2601 1635 2649 vagensis

239 2671 334 2705 exitu
366 2668 463 2713 plebi
498 2668 612 2713 potuit
643 2668 873 2713 persuadere;
907 2666 953 2701 cf.
985 2679 1018 2701 c.
1050 2665 1172 2700 Lvm.
1202 2665 1291 2700 Lxl.
1314 2665 1434 2700 val.
1460 2664 1633 2698 eom.-

244 2732 305 2765 E'st
335 2733 412 2774 post
444 2730 570 2766 attrita
601 2741 669 2763 non
691 2725 823 2775 legitur
852 2729 889 2763 in
914 2727 1034 2763 Guelf.
1057 2728 1091 2762 1.
1117 2726 1235 2761 Berol.
1259 2725 1412 2760 amad.
1437 2724 1471 2760 4.
1494 2725 1578 2758 Ven.
1599 2723 1633 2758 4.

240 2797 274 2826 et
308 2792 457 2826 Goerlit.
505 2790 646 2826 Cottius
677 2789 826 2832 abiecit,
866 2789 1035 2834 probante
1065 2787 1256 2823 Gerlachio
1291 2786 1327 2822 in
1365 2783 1634 2822 Commentariis
