1702 2982
207 162 266 205 76
575 159 622 204 G.
657 157 989 204 SALLUSTI
1018 152 1265 204 cnlsl‘l'

168 283 196 321 7
209 277 412 337 siuissae,
447 274 614 322 frustra
649 291 677 321 a
710 277 837 322 vobis
871 277 1083 323 auxilium
1110 283 1280 339 petere.
1350 275 1400 322 Si
1429 275 1488 322 ad
1514 277 1602 323 im-

205 373 480 436 petrandum
523 373 632 419 nihil
680 389 863 420 caussae
904 374 1123 420 haberem
1170 379 1352 436 praeter
1385 374 1602 421 irriseran-

208 472 315 517 dam
350 471 601 531 fortunam‚
649 471 775 531 quod
808 472 964 532 paullo
1006 478 1109 517 ante
1142 486 1222 517 rex
1255 486 1448 533 genere,
1481 471 1603 516 fama

207 575 343 629 atque
379 568 520 630 copiis
556 576 744 630 potens,
790 583 911 615 nunc
946 568 1222 630 deformatus
1252 569 1499 627 aerumnis,
1531 569 1602 614 in-

207 682 318 728 ops,
364 666 528 710 alienas
567 680 680 726 opes
728 673 943 726 exspecto
962 700 976 724 ‚
1021 673 1171 711 tamen
1221 672 1318 711 erat
1363 666 1601 711 maiestatis

206 764 366 826 populi
396 763 592 807 Romani
626 761 873 824 prohibere
893 764 1123 824 iniuriam,
1159 779 1306 825 neque
1334 763 1429 825 pati
1451 763 1602 811 cuius-

1588 845 1622 862 ἐξ

203 931 252 967 sit
274 929 427 965 diximus
449 929 495 964 ad
519 929 597 966 Cat.
621 931 665 973 II,
689 929 722 965 9.
755 941 788 975 p.
814 929 871 967 15.
902 942 1020 973 seusus
1042 933 1096 967 est
1125 930 1247 967 enime
1278 944 1410 978 qaam
1440 943 1496 969 res
1516 944 1603 968 snae

205 994 338 1028 dubiae
371 1003 439 1027 ess
451 997 541 1027 ent.
566 992 614 1029 cf.
638 991 733 1026 infra
755 993 788 1035 ἓ.
813 992 871 1026 11.
889 1011 937 1017 -—
970 991 1160 1036 Sequentia
1183 1004 1245 1037 per
1266 1004 1305 1028 se
1328 998 1427 1040 patet
1443 994 1604 1040 opposita

204 1065 281 1089 esse
310 1052 545 1098 praegressis,
577 1052 708 1088 omissa
730 1052 940 1088 adversandi
960 1053 1148 1098 particula.
1171 1054 1220 1088 cf.
1255 1054 1301 1088 ad
1322 1068 1353 1091 c.
1376 1057 1420 1098 11,
1442 1055 1477 1091 8.
1500 1058 1535 1090 et
1557 1054 1603 1090 ad

203 1115 283 1151 eat.
304 1114 427 1156 mm,
450 1112 508 1147 14.
533 1125 567 1158 p.
593 1113 674 1148 309.
693 1133 739 1139 -
765 1114 925 1150 Potentia
949 1113 1162 1150 cernemus
1182 1114 1301 1150 ieiune
1321 1101 1473 1162 maest
1494 1127 1604 1162 appo-

206 1177 328 1213 tenda.
375 1174 589 1211 Manendum
615 1174 732 1218 potius
763 1178 838 1209 erat
870 1175 1099 1220 participium
1130 1176 1196 1211 fat.
1226 1187 1317 1221 pass.
1341 1178 1378 1211 h.
1400 1178 1425 1211 Ι.
1448 1189 1519 1212 nou
1541 1187 1604 1211 ne-

204 1237 377 1273 cessitatis
398 1236 473 1271 vim
496 1235 652 1277 habere,
676 1235 735 1270 sed
758 1235 796 1270 id
821 1236 915 1280 quod
937 1237 1015 1271 fieri
1033 1237 1144 1282 possit
1165 1249 1209 1272 eo
1231 1237 1448 1283 signifieari;
1481 1248 1604 1273 sensus

204 1304 292 1349 estzs
309 1309 380 1343 quo
401 1301 562 1342 tempore
581 1296 667 1331 talis
702 1299 779 1331 erat
807 1296 930 1341 populi
950 1298 1058 1331 Rom.
1081 1297 1258 1340 condicio,
1293 1302 1334 1333 ut
1352 1298 1440 1333 fides
1461 1297 1603 1343 quidem

205 1360 305 1403 eius,
340 1359 402 1394 sed
424 1369 494 1392 non
516 1357 661 1392 fortuna
691 1356 765 1402 peti
788 1361 916 1402 posset.
964 1358 1017 1393 De
1038 1359 1109 1392 hoc
1131 1358 1310 1403 participii
1333 1371 1398 1394 usu
1421 1371 1456 1395 v,
1478 1362 1604 1394 notata

203 1422 252 1458 ad
279 1421 357 1456 Cat.
379 1420 424 1462 X,
447 1419 484 1454 2.
519 1437 554 1443 —
585 1418 739 1461 Quorum
775 1429 838 1461 per
858 1417 998 1463 synesin
1019 1420 1173 1454 refertur
1207 1420 1251 1454 ad
1274 1430 1520 1465 praegressum
1537 1422 1603 1464 fa-

204 1482 305 1517 milia
336 1485 474 1523 nostra,
507 1479 608 1524 qnasi
641 1478 784 1513 dixisset
817 1480 966 1513 maiores
988 1481 1115 1522 nostri,
1147 1492 1182 1515 v.
1206 1480 1251 1515 ad
1275 1480 1352 1514 Cat.
1375 1480 1543 1521 XXXIX,
1565 1479 1600 1514 3.

204 1543 286 1578 coll.
310 1553 416 1586 supra
446 1551 476 1576 c.
501 1541 595 1582 XIII,
619 1540 654 1574 ⁸1.
686 1540 837 1584 Fragm.
869 1539 1023 1574 Historr.
1047 1541 1108 1584 ΙΙΙ,
1130 1541 1191 1584 22,
1212 1541 1271 1576 28.
1296 1541 1396 1577 Gerl.
1414 1559 1461 1567 —
1486 1540 1603 1575 Verba

203 1616 260 1639 me
291 1608 450 1648 nepotem
481 1602 693 1636 Masinissae
727 1600 869 1636 Curtius
898 1602 1146 1644 praeeuntibus
1175 1601 1398 1649 Bongarsio,
1432 1593 1602 1636 Putschio

203 1670 240 1700 et
262 1665 418 1699 Gruter-o
442 1663 559 1706 eiecit,
583 1667 750 1707 tanquam
775 1674 815 1696 ex
833 1663 867 1707 §.
891 1662 924 1697 2.
951 1663 989 1697 h.
1008 1675 1038 1698 c.
1063 1665 1136 1699 huc
1152 1648 1267 1700 illata.
1311 1662 1381 1698 sed
1403 1661 1440 1696 in
1461 1672 1602 1696 summo

204 1726 363 1762 omnium
386 1725 486 1760 codd.
511 1735 678 1759 consensu
701 1723 794 1758 nihil
817 1727 870 1757 est
891 1725 1120 1768 mutandum,
1142 1737 1252 1770 quum
1274 1725 1443 1770 appareat
1463 1722 1602 1757 Adher-

203 1788 344 1829 balem,
368 1787 543 1821 maiorum
567 1785 703 1821 meritis
726 1789 761 1819 et
784 1784 904 1831 gratia
924 1785 1080 1820 maxime
1103 1787 1292 1827 confisum,
1315 1795 1424 1829 quum
1446 1783 1519 1818 alia
1538 1794 1601 1828 pe-

204 1850 300 1885 tendi
330 1847 457 1883 auxilii
488 1859 612 1882 caussa
641 1858 710 1882 non
740 1849 957 1892 suppeteret,
989 1847 1025 1880 in
1049 1848 1119 1881 hac
1141 1858 1182 1882 re
1212 1845 1522 1880 commemoranda
1546 1844 1602 1879 ni-

205 1910 319 1946 mium
342 1921 435 1951 esse3
461 1909 625 1953 quocirca
647 1919 716 1943 non
739 1908 902 1942 sufficere
923 1911 1022 1942 ratus
1052 1907 1088 1941 in
1113 1907 1315 1942 universum
1339 1918 1377 1940 se
1397 1906 1602 1951 progeniem

205 1972 336 2007 dixisse
366 1971 448 2006 talis
480 1970 661 2012 familiae,
692 1969 913 2003 Masinissam
945 1979 969 2004 a
1001 1968 1175 2003 Romanis
1206 1967 1330 2014 magni
1359 1967 1444 2002 olim
1465 1967 1600 2002 factum

205 2034 336 2070 diserte
365 2033 483 2068 adhuc
510 2031 681 2066 nominat.
739 2030 781 2064 In
808 2029 1012 2064 universum
1042 2028 1253 2064 Gerlachius
1285 2028 1419 2073 pariter
1449 2028 1493 2063 de
1514 2029 1552 2062 h.
1574 2028 1600 2063 1.

204 2094 347 2137 statuit3
381 2094 476 2128 male
506 2096 624 2128 tamen
656 2091 694 2125 in
725 2094 822 2126 textu
855 2091 910 2125 ed.
943 2090 1026 2125 mai.
1049 2091 1159 2125 verba
1181 2102 1237 2125 me
1260 2090 1350 2125 Mas.
1367 2101 1447 2135 nep.
1473 2101 1602 2134 pareoe

207 2156 315 2192 thesis
343 2155 445 2201 signo
476 2153 638 2195 inclusit3
673 2164 728 2188 me
768 2151 862 2186 euim
903 2153 949 2186 ad
982 2152 1188 2197 primariam
1217 2151 1424 2186 sententiam
1454 2154 1601 2196 spectat,

207 2218 355 2253 eandem
390 2217 436 2250 ob
468 2226 630 2250 caussam
644 2240 655 2259 ‚
689 2214 735 2248 ob
760 2225 866 2257 quam
890 2214 1011 2258 paullo
1035 2218 1116 2248 ante
1138 2214 1225 2248 mihi
1247 2219 1330 2248 ante
1361 2212 1602 2247 miserrumum

158 2324 162 2326 ἡ
206 2279 432 2316 scribendum
453 2288 528 2311 esse
546 2275 772 2312 ostendimus.
797 2275 892 2309 Tum
911 2276 1022 2309 verba
1042 2275 1136 2308 Mas.
1158 2286 1250 2319 nep„
1266 2285 1358 2319 qaae
1375 2270 1603 2317 appo-tionis

207 2340 381 2375 rationem
404 2339 556 2381 habent,
579 2349 648 2372 non
670 2336 864 2382 potuissent
886 2336 990 2382 poni,
1014 2335 1082 2370 nisi
1105 2335 1264 2371 affuisset
1284 2333 1496 2370 vocabulum
1511 2357 1521 2374 ‚
1544 2331 1603 2366 cui

206 2401 507 2437 adhaerescerent.

301 2464 335 2505 5.
357 2461 394 2496 7.
443 2461 483 2496 Si
513 2460 562 2493 ad
590 2458 874 2503 impetrandum]
907 2457 1169 2493 Sententiarum
1201 2467 1328 2491 nexum
1361 2467 1429 2490 non
1452 2455 1603 2490 assecuti
1645 2508 1649 2510 Π
1700 2476 1702 2479 -

210 2521 350 2558 librarii
380 2521 441 2556 sed
471 2524 553 2555 ante
584 2521 615 2554 si
646 2519 864 2561 intulerunt,
895 2519 1001 2563 idque
1032 2518 1180 2564 triginta
1211 2518 1299 2552 duos
1329 2516 1429 2551 codd.
1458 2516 1603 2551 invasit.

212 2583 443 2625 Gen-lachim,
467 2581 541 2626 qui,
565 2584 603 2615 ut
629 2591 788 2615 caussam
811 2578 1086 2624 interpolationis
1109 2578 1319 2623 explicaret,
1342 2577 1507 2612 librarios
1523 2577 1601 2610 ‘vim

211 2645 373 2690 mynden
397 2655 466 2678 nou
488 2641 701 2678 intellexisse
725 2639 829 2683 dicit,
860 2640 936 2685 ipse
957 2651 1048 2684 quae
1070 2639 1229 2685 asyndeti
1262 2642 1389 2674 natura
1411 2642 1447 2672 et
1469 2637 1604 2672 indoles

213 2706 259 2740 sit
281 2717 348 2740 nou
372 2705 457 2739 satis
489 2702 703 2748 perspexisse
738 2702 889 2737 videtur.
935 2701 1039 2746 Quod
1071 2711 1180 2745 quum
1203 2700 1238 2733 in
1263 2699 1394 2734 omissa
1416 2699 1473 2733 vel
1495 2710 1603 2743 copu—

215 2767 310 2803 landi
332 2766 389 2801 vel
413 2763 619 2802 adversandi
644 2763 700 2798 vel
724 2761 918 2807 explicandi
942 2761 1114 2806 particula
1137 2764 1319 2801 cernatur,
1350 2769 1421 2811 vna
1442 2758 1604 2806 singulae
