1702 2982
197 144 256 186 72
477 107 509 204 λ,
566 143 618 186 ·G.
650 141 975 187 SALLUSTI
1009 141 1234 187 CRISPI

200 258 342 304 homo
375 258 576 304 omnium
589 293 600 312 ,
638 274 753 319 quos
794 265 915 304 terra
958 260 1165 318 sustinet,
1201 259 1597 316 sceleratissumum,

203 361 463 418 contempto
498 357 692 418 imperio
723 362 874 402 vostro
909 356 1175 402 Masinissae
1202 372 1276 402 me
1308 362 1525 418 nepotem
1555 364 1601 402 et

202 454 293 498 iam
336 453 395 499 ab
442 454 583 515 stirpe
642 455 816 499 socium
862 460 909 499 et
963 455 1159 500 amicum
1204 454 1370 516 populi
1404 453 1602 505 Romani

171 551 353 612 Sregno
389 551 670 610 fortunisque
698 551 904 597 omnibus
937 552 1119 614 expulit.
1180 552 1336 611 Atque
1371 566 1476 613 ego,
1509 552 1602 597 Pa-

297 725 330 767 §.
353 723 390 759 2.
436 730 629 770 praecepta
649 725 810 770 parentis
831 726 916 771 mei]
949 727 1051 761 Haec
1074 726 1215 765 Curtius
1235 724 1311 760 sine
1332 724 1459 764 idonea
1480 734 1605 759 caussa

205 788 374 829 tanquam
398 786 518 830 spuria
542 786 678 820 uncinis
707 786 874 830 inclusit,
906 787 981 822 iam
1012 788 1165 822 Grutero
1195 787 1290 827 idem
1311 785 1488 822 suadente.
1533 786 1604 820 Sed

203 850 450 890 praeterquam
483 849 577 892 quod
610 849 680 883 mei
698 849 745 883 ab
775 848 951 883 nonnullis
985 849 1104 891 abest,
1137 851 1174 882 et
1201 859 1265 893 pro
1286 848 1444 893 parentis
1466 847 1503 881 in
1525 847 1605 882 aliis

202 907 317 951 patris
343 919 387 941 ex
415 907 704 954 interpretatione
734 909 889 955 legitur,
922 909 1013 944 nihil
1040 913 1114 952 est,
1138 910 1231 954 quod
1254 912 1328 944 tam
1349 908 1464 942 lev·-
1488 908 1605 953 suspi-

206 967 343 1002 cionem
377 970 571 1005 confirmet.
620 970 819 1016 Praecepta
851 970 1043 1015 agitare
1073 981 1156 1004 cum
1191 970 1228 1004 vi
1263 969 1397 1004 dietum
1428 969 1607 1015 significat

206 1034 317 1064 totum
350 1042 422 1066 esse
447 1031 485 1065 in
515 1032 712 1077 praeceptis
749 1031 981 1066 observandis.
1027 1030 1192 1065 Ceterum
1223 1042 1295 1065 non
1326 1030 1411 1065 satis
1440 1041 1607 1077 assequor

205 1091 290 1134 quid
313 1091 525 1127 Gerlachius
543 1092 696 1128 voluerit
718 1093 808 1127 haec
823 1095 1013 1126 annotans:
1036 1091 1151 1134 „haec
1173 1091 1282 1126 verba
1299 1092 1434 1137 (praec.
1450 1094 1605 1139 panm.)

206 1151 297 1186 mihi
319 1153 443 1188 eodem
466 1154 544 1187 fere
565 1153 694 1197 modo,
729 1157 767 1192 ut
790 1163 919 1197 supra,
953 1153 1076 1187 addita
1107 1151 1293 1194 videntur-3
1328 1157 1368 1188 ut
1389 1154 1523 1189 scilicet
1544 1166 1606 1189 ex-

205 1211 377 1257 plicarent
391 1239 402 1256 ‚
434 1214 528 1258 quod
551 1213 733 1248 obscurius
755 1214 888 1247 dictum
911 1225 987 1247 esse
1017 1213 1254 1256 videbatur;“
1285 1213 1353 1248 nisi
1384 1215 1475 1250 forte
1497 1216 1539 1250 V.
1562 1217 1606 1251 Ι).

205 1274 341 1318 putavit
362 1286 479 1319 praec.
502 1286 582 1319 par.
606 1286 653 1309 m.
686 1274 942 1319 appositionem
974 1286 1050 1309 esse
1081 1274 1225 1310 relativi
1259 1275 1351 1310 nude
1382 1276 1510 1320 positi,
1537 1289 1607 1312 non

205 1334 357 1370 sentiens
387 1347 478 1381 quae
497 1341 690 1381 praecepta
712 1335 879 1381 coniungi
903 1336 1040 1370 debere.
1058 1355 1105 1362 --
1121 1337 1275 1370 Sustinet
1298 1348 1365 1370 non
1384 1348 1427 1372 ex
1448 1332 1609 1372 sermone

207 1396 350 1441 vulgari
373 1396 522 1440 petitum
548 1401 621 1441 est,
644 1400 684 1432 ut
707 1397 921 1432 Gerlaehius
943 1398 1040 1440 vult3
1061 1397 1122 1433 sed
1145 1409 1256 1442 quum
1279 1399 1450 1432 sustinere
1471 1398 1517 1433 sit
1540 1399 1608 1434 ali-

207 1456 292 1501 quid
314 1469 395 1491 cum
419 1457 631 1492 difficultate
659 1459 717 1492 vel
739 1458 904 1492 molestia
926 1459 1044 1501 ferre,
1077 1469 1111 1493 v.
1136 1459 1180 1493 ad
1205 1459 1283 1494 Cat.
1299 1459 1390 1501 mu,
1414 1458 1464 1501 2.,
1487 1460 1608 1494 Sallu-

206 1518 294 1553 stius
316 1519 495 1565 eleganter
519 1520 590 1554 hoc
622 1520 797 1554 vocabulo
815 1519 1053 1553 Adherbalem
1079 1520 1124 1554 de
1143 1520 1343 1567 Iugurthae
1370 1520 1527 1564 nequitia
1549 1521 1609 1555 vix

207 1581 353 1615 ferenda
377 1585 582 1625 querentem
615 1581 717 1615 facit.
750 1600 797 1606 -—
825 1580 878 1614 Ab
902 1581 1011 1625 stirpe
1034 1592 1103 1615 uon
1126 1584 1179 1616 est
1210 1581 1236 1616 i.
1259 1593 1294 1626 q.
1317 1581 1425 1626 stirpe
1448 1581 1508 1615 vel
1527 1592 1610 1626 per

207 1643 371 1687 stirpem,
399 1653 511 1686 neque
535 1643 630 1676 valet
653 1642 735 1677 inde
760 1653 784 1676 a
807 1643 975 1676 nascendi
993 1642 1116 1685 initio,
1138 1642 1198 1677 sed
1221 1653 1323 1687 resp
1335 1647 1432 1677 ectu
1455 1644 1612 1688 generis,

208 1703 284 1738 sive
310 1704 482 1738 maiorum
511 1704 636 1738 habita
665 1703 826 1743 ratione5
859 1713 943 1737 uam
979 1704 1023 1737 ab
1058 1706 1248 1748 usurpatur
1271 1703 1315 1738 ad
1338 1703 1610 1748 significandum

210 1776 272 1800 uos
297 1777 372 1800 rem
398 1778 440 1800 ex
463 1764 585 1809 aliqua
608 1769 708 1810 parte
732 1764 964 1798 considerare.
987 1774 1020 1797 v.
1036 1764 1154 1798 Hand.
1176 1764 1220 1799 de
1242 1764 1352 1798 Partt.
1376 1764 1467 1798 Latt.
1490 1764 1610 1799 v01.1.

210 1839 245 1872 p.
262 1825 320 1862 56.
343 1828 388 1870 li,
413 1827 446 1861 1.
463 1838 537 1871 sqq.
564 1826 644 1859 coll.
670 1826 731 1860 Fr.
755 1825 968 1871 Heusinger.
991 1825 1038 1859 ad
1062 1825 1133 1859 Cic.
1158 1825 1203 1858 de
1226 1824 1298 1859 off.
1315 1825 1345 1866 Ι,
1369 1825 1405 1867 2,
1429 1825 1487 1859 11.
1513 1826 1610 1860 Goe-

210 1901 304 1923 reuz.
329 1890 373 1923 ad
397 1888 500 1922 eund.
524 1888 567 1922 de
589 1887 691 1921 Fiun.
715 1887 744 1928 1,
761 1887 795 1929 5,
812 1885 870 1921 14.
894 1898 928 1930 p.
947 1885 1004 1920 19.
1025 1886 1294 1927 Drakenborch.
1318 1886 1363 1920 ad
1388 1885 1465 1921 Liv.
1480 1888 1611 1932 XXIV,

210 1950 270 1992 3⁰,
295 1951 328 1984 1.
354 1950 490 1990 XXVI,
516 1948 551 1990 1,
573 1948 608 1982 3.
656 1948 784 1983 Paullo
815 1947 938 1990 aliter,
972 1958 1187 1991 quamquam
1220 1957 1323 1981 sensu
1353 1958 1422 1982 non
1456 1949 1610 1983 muitum

211 2011 373 2052 diverso,
397 2010 515 2044 Hand.
539 2010 564 2043 1.
589 2009 613 2042 1.
644 2019 677 2052 p.
703 2007 762 2042 24.
785 2010 818 2050 §.
841 2007 876 2044 3.
900 2007 1051 2052 explicat
1074 2009 1156 2043 inde
1181 2009 1225 2042 ab
1246 2020 1325 2042 avo.
1371 2008 1472 2042 Unde
1494 2012 1611 2044 tamen

212 2072 253 2105 V.
277 2073 321 2106 D.
346 2084 408 2116 pro
430 2076 463 2106 et
487 2071 558 2105 iam
575 2068 752 2113 scripserit
773 2070 907 2115 utiquc,
930 2081 1000 2103 non
1022 2080 1201 2114 assequor.
1220 2088 1269 2095 —·
1286 2071 1400 2115 Atque
1421 2072 1502 2104 ante
1521 2071 1613 2104 ami-

210 2145 289 2167 cum
313 2132 474 2176 plerique
498 2131 597 2165 codd.
622 2131 775 2171 habent;
809 2130 949 2165 Cottius
984 2135 1018 2165 et
1042 2131 1204 2176 scripsit,
1240 2142 1364 2166 caussa
1386 2143 1455 2166 non
1479 2131 1610 2166 addita.

204 2194 351 2229 Pariter
374 2194 410 2228 in
444 2193 606 2227 omnibus
631 2192 705 2225 fero
727 2191 828 2226 libris
851 2195 904 2226 est
928 2204 999 2226 am.
1021 2194 1142 2237 populi
1165 2192 1338 2234 Romani,
1368 2202 1431 2235 pro
1454 2202 1523 2235 quo
1550 2191 1612 2225 ille

214 2268 250 2290 a.
271 2257 398 2300 populo
424 2256 581 2289 Romano
607 2253 728 2287 edidit.
776 2252 844 2287 Sed
861 2253 1038 2298 genitivus
1055 2266 1122 2288 non
1140 2254 1254 2288 solum
1279 2252 1492 2288 auctoritate
1511 2252 1612 2288 codd.

211 2327 337 2351 verum
349 2316 455 2350 etiam
475 2327 575 2349 sensu
594 2315 770 2359 praestat,
800 2325 911 2358 quum
942 2320 1084 2359 proptr-1·
1105 2325 1349 2360 praegressum
1365 2323 1490 2347 nomen
1509 2323 1615 2357 nepo-

212 2383 280 2414 tem
306 2377 451 2422 gravius
476 2380 510 2411 et
534 2376 736 2410 concinnius
760 2375 804 2409 sit
828 2377 957 2410 socium
981 2381 1015 2410 ct
1039 2377 1188 2411 amicum
1213 2372 1422 2410 substantivi
1445 2376 1614 2417 potestate

212 2437 374 2484 intelligi.
418 2437 537 2471 Minus
560 2438 604 2471 ad
628 2448 704 2470 rem
728 2437 898 2480 pertinet,
934 2438 1027 2481 quod
1052 2435 1261 2471 Gerlachius
1281 2438 1462 2479 sequentes
1483 2434 1612 2469 ablati-

214 2511 277 2535 vos
299 2510 410 2545 reg-rw
425 2498 651 2542 fortunisque
674 2496 795 2533 dativo
819 2498 959 2532 obstare
983 2497 1080 2532 dicit.

304 2562 336 2603 §-
361 2558 396 2594 3.
445 2560 556 2604 Atque
580 2562 663 2603 ego]
691 2555 804 2602 Atque
820 2558 980 2592 Handius
997 2559 1039 2592 de
1056 2558 1207 2592 Pan-tice.
1225 2557 1316 2591 batt.
1335 2557 1414 2590 Vol.
1436 2557 1463 2590 l.
1485 2567 1518 2599 p.
1531 2554 1613 2590 495.

210 2620 486 2667 praesumptioni
515 2618 685 2654 inservire
716 2618 821 2660 dicit,
856 2630 927 2662 qua
960 2618 1114 2662 aliquid,
1148 2618 1241 2662 quod
1274 2617 1406 2662 opponi
1437 2619 1500 2650 aut
1530 2616 1613 2650 addi

213 2682 344 2727 possit,
375 2680 637 2725 antecapiatur,
667 2690 758 2723 quae
791 2679 962 2714 sententia
995 2679 1085 2714 mihi
1110 2678 1145 2712 in
1172 2679 1244 2713 hoc
1270 2689 1359 2712 nexu
1382 2688 1508 2721 parum
1532 2687 1613 2721 pro-
1645 2692 1651 2701 ι

211 2742 339 2778 babilis
364 2742 512 2779 videtur.
560 2739 764 2786 Simplicior
787 2739 878 2774 ratio
901 2744 953 2774 est
969 2765 980 2782 ,
1015 2739 1044 2774 si
1074 2742 1207 2775 statuas
1230 2749 1293 2783 per
1323 2744 1431 2785 atque
1459 2737 1614 2784 particu-
