1702 2982
183 149 214 190 6
559 144 605 188 C.
634 144 959 190 SALLUSTI
988 145 1212 194 GRISPI

191 262 384 322 quisque
444 261 628 323 culpam
691 268 896 308 auctores
949 262 1010 308 ad
1062 263 1249 324 negotia
1299 263 1582 309 transferunt.

156 359 373 416 5Quodsi
416 358 672 405 hominibus
714 360 934 406 bonarum
968 376 1120 406 rerum
1154 366 1276 405 tanta
1311 375 1419 405 cura
1453 366 1585 422 esset,

194 480 390 516 Triumviri
411 480 549 517 nomine
574 481 754 517 Consulem
776 494 813 518 se
827 485 910 527 fer
923 494 1025 526 ens,
1049 487 1085 519 et
1107 482 1156 517 ad
1177 482 1345 518 tuendam
1365 482 1500 528 plebem
1521 483 1592 519 tn·-

191 541 327 577 bum‘cio
350 543 426 577 iure
449 548 668 586 contentum,
702 542 780 579 ubi
802 544 946 579 militem
970 544 1090 586 dom's,
1120 545 1286 590 populum
1309 556 1473 589 annona,
1504 556 1590 579 cun-

191 608 264 639 ctos
287 603 469 639 dulcedine
491 605 557 639 otii
577 605 743 650 pellexit,
767 605 1018 650 insurgere
1040 605 1248 650 paullatim,
1281 605 1405 640 munia
1426 606 1588 651 Senatus,

190 664 493 710 magistratuum,
525 665 648 711 legiun
680 665 717 700 in
747 676 786 700 se
819 665 972 700 trahere.
981 668 1004 685 “
1051 667 1100 701 ct'.
1122 666 1248 702 Noster
1267 666 1347 712 lug.
1364 667 1530 715 xxxm,
1554 667 1591 702 2.

190 724 281 768 Lm,
306 725 341 761 1.
365 725 443 761 Liv.
468 726 497 769 1,
520 726 579 771 16,
602 727 640 763 2.
660 745 707 752 —-
729 727 783 760 De
806 727 881 760 sin
901 725 1077 770 particula
1099 726 1233 762 dictum
1255 726 1300 762 ad
1323 727 1428 762 Catil.
1451 728 1511 771 LI,
1530 727 1590 763 24.

190 796 224 831 p.
251 784 334 822 251.
367 805 415 812 -
450 786 588 822 Pruvus
610 787 825 832 explicatum
848 786 898 822 ib.
923 788 972 830 V,
997 779 1031 822 1.
1050 799 1086 832 p.
1107 787 1166 822 27.
1197 807 1244 814 --
1274 787 1523 824 Pessumdutus
1553 789 1592 823 in

192 858 302 882 unum
326 848 542 884 vocabulum
564 849 821 892 contraximus,
852 848 1013 894 quamvis
1035 847 1109 883 alia
1131 848 1262 891 verba,
1294 849 1341 883 ad
1368 860 1508 894 pessum
1534 861 1591 884 re-

192 910 286 952 lata,
307 911 405 945 volut
421 911 490 954 ire,
514 910 632 953 abire,
655 911 788 952 sidere,
813 910 1010 953 subsidere,
1032 920 1212 955 premere,
1233 909 1448 954 deprimere,
1471 914 1595 946 contra

193 971 343 1006 suadere
365 970 563 1006 videantur.
610 970 681 1005 Sed
703 970 870 1015 quoniam
892 971 1000 1014 dure,
1032 970 1175 1015 propria
1202 973 1372 1015 potestate
1394 981 1506 1015 paene
1529 971 1594 1005 ab·

192 1031 307 1075 iecta,
340 1043 407 1067 usu
430 1031 483 1067 ita
506 1041 588 1066 cum
608 1043 746 1077 pessum
770 1032 944 1067 vocabulo
968 1031 1121 1076 coaluit,
1155 1035 1195 1066 ut
1217 1031 1254 1066 iu
1276 1042 1384 1066 uuam
1407 1031 1510 1076 quasi
1529 1043 1595 1067 no-

192 1092 326 1128 tionem
361 1093 514 1128 conflata
549 1091 747 1138 significent
779 1093 816 1127 in
850 1093 958 1129 imum
996 1093 1222 1138 deprimendo
1255 1104 1495 1138 corrumpere,
1535 1094 1597 1128 vel

192 1153 404 1199 simpliciter
435 1154 605 1199 perdere,
642 1165 686 1188 ea
716 1154 797 1198 ipsa
829 1165 885 1188 res
908 1155 1063 1199 postulat
1088 1157 1128 1188 ut
1150 1153 1364 1189 coniunctim
1387 1153 1596 1197 scribantur,

193 1215 360 1261 analogia
398 1215 610 1250 venumdare
639 1215 741 1250 verbi
771 1214 866 1250 idem
897 1216 1075 1250 suadente.
1145 1215 1287 1250 Pessum
1324 1215 1417 1249 unde
1453 1215 1599 1251 ductum

194 1277 240 1313 sit
262 1287 332 1325 non
355 1276 447 1312 inter
469 1287 590 1312 omnes
614 1278 768 1320 constat,
794 1275 874 1311 aliis
897 1287 919 1311 a
938 1288 1019 1322 pes,
1044 1275 1125 1311 aliis
1148 1286 1171 1310 a
1191 1277 1365 1321 pendere,
1388 1277 1468 1312 aliis
1492 1288 1514 1312 a
1534 1289 1599 1324 pe-

194 1339 265 1375 tior
286 1337 536 1383 repetentibus.
581 1335 812 1371 Doederlinus
834 1347 921 1372 vero
943 1337 982 1372 in
1008 1337 1143 1382 Synon.
1165 1336 1243 1372 Lat.
1267 1336 1313 1371 Τ.
1338 1338 1367 1373 1.
1390 1350 1427 1382 p·
1452 1338 1499 1373 67
1522 1351 1596 1384 sqq.

196 1411 240 1435 ex
269 1410 454 1445 perversus
487 1401 711 1433 contractum
741 1401 879 1440 censet,
910 1409 1003 1442 quae
1036 1397 1139 1442 origo
1173 1396 1264 1431 mihi
1296 1409 1409 1442 neque
1431 1399 1601 1435 vocabuli

195 1460 316 1497 forma
349 1470 461 1504 neque
490 1458 748 1504 significatione
780 1459 1021 1493 commendari
1052 1459 1201 1494 videtur.
1247 1460 1364 1494 Multo
1406 1460 1602 1505 simplicior

198 1524 294 1557 certe
325 1524 362 1556 et
393 1519 548 1555 maxime
582 1519 779 1564 probabilis
810 1519 966 1565 Reisigii
998 1524 1052 1555 est
1082 1520 1269 1563 sententia,
1302 1520 1364 1565 qui
1387 1522 1432 1556 ab
1457 1521 1602 1567 antiqua

197 1584 316 1618 forma
346 1583 516 1624 ΠΕΤΩ,
549 1581 715 1623 ΠΕΣΩ,
746 1583 871 1617 πεσεῖν
904 1581 1112 1616 descendere
1134 1581 1172 1615 in
1196 1581 1325 1616 scholis
1346 1581 1482 1625 docuit;
1517 1594 1602 1618 nam

198 1644 250 1679 ita
271 1644 414 1678 demum
437 1644 552 1687 potest
574 1640 750 1686 intelligi,
773 1641 948 1684 quomodo
968 1653 1108 1686 pessum
1131 1645 1237 1686 queat
1257 1643 1295 1677 in
1318 1644 1531 1688 profundum
1553 1644 1603 1679 si-

198 1703 385 1750 gnificare,
406 1702 498 1737 unde
520 1702 648 1747 pendet
668 1700 838 1747 perniciei
860 1705 895 1735 et
917 1702 1079 1737 interitus
1097 1702 1206 1739 notio.
1230 1723 1277 1728 —
1301 1704 1500 1749 Paulla‘sper
1515 1716 1604 1749 quo·

199 1766 307 1800 modo
339 1764 483 1800 differat
517 1774 540 1798 a
566 1773 758 1808 parumper
790 1765 891 1796 acute
921 1763 1111 1807 explicavit
1142 1764 1376 1799 Doederlinus
1409 1765 1446 1799 in
1469 1765 1602 1811 Synon.

199 1827 281 1863 Lat.
306 1826 352 1862 Τ.
374 1826 404 1861 1.
439 1837 474 1871 p.
497 1822 569 1859 145
592 1835 667 1868 sqq.
702 1822 792 1857 illud
823 1822 1070 1867 interpretatus
1100 1824 1176 1859 cine
1207 1826 1319 1860 kleine
1354 1827 1468 1861 IVeile
1501 1828 1603 1873 lang,

147 1914 149 1916 -
199 1888 272 1923 hoc
295 1889 383 1932 auf
402 1886 477 1921 eine
501 1886 614 1920 kleine
642 1885 693 1919 W
690 1885 766 1918 eile.
815 1883 988 1918 Similiter
1011 1885 1085 1919 fere
1109 1886 1338 1920 Gernhardus
1358 1887 1404 1921 ad
1424 1887 1603 1924 Cic.Lae1.

201 1950 232 1991 1,
255 1947 291 1984 5.
317 1958 526 1994 parumper,
549 1945 686 1991 inquit,
709 1944 862 1979 reditum
885 1945 1046 1990 cogitare
1069 1945 1168 1980 iubet
1189 1947 1234 1982 ad
1258 1946 1314 1989 id,
1338 1949 1431 1983 unde
1453 1949 1605 1984 deflexe-

203 2010 271 2054 τῖες
293 2010 489 2056 paullisper
510 2007 600 2042 nihil
623 2009 765 2051 praeter
787 2005 958 2050 temporis
979 2006 1189 2050 particulam
1211 2007 1401 2054 significat.

299 2071 495 2116 defluxere]
530 2069 744 2114 Disfluxere,
776 2066 869 2112 quod
902 2070 954 2102 est
983 2067 1020 2102 in
1051 2068 1227 2103 nonnullis
1257 2069 1360 2105 Rivii
1391 2074 1427 2107 et
1450 2070 1605 2114 Gruteri,

205 2143 296 2177 quos
317 2131 436 2166 dicunt
459 2130 613 2175 optimae
635 2134 760 2170 notae,
795 2127 923 2170 libris,
960 2128 1069 2163 etiam
1093 2123 1178 2164 Bas.
1200 2130 1235 2165 1.
1270 2131 1378 2167 Fabr.
1400 2131 1433 2167 1.
1466 2131 1548 2168 Sen.
1572 2131 1606 2169 l.

205 2194 280 2230 luc.
303 2193 339 2228 2.
363 2192 482 2227 Guelf.
507 2192 543 2228 2.
565 2191 600 2227 3.
623 2190 722 2225 Leid.
744 2190 786 2224 L.
810 2193 846 2225 et
869 2189 962 2235 Teg.
985 2190 1136 2234 hahent,
1158 2192 1362 2237 recepitque
1384 2192 1606 2235 Gedachius,

208 2255 294 2300 quia
324 2254 367 2288 de
398 2257 433 2289 et
464 2253 501 2288 di
532 2252 691 2298 syllabae
724 2261 828 2285 sensu
860 2261 930 2284 non
952 2250 1136 2296 differant,
1173 2264 1282 2297 quam
1319 2254 1529 2289 sententiam
1562 2252 1608 2288 ad

210 2317 289 2354 Cat.
318 2315 430 2358 XXV,
454 2315 489 2350 3.
525 2312 562 2347 in
586 2312 795 2347 Commentt.
818 2322 854 2356 p.
879 2311 937 2346 94.
969 2312 1144 2356 prolatam
1177 2313 1390 2349 auctoritate
1422 2313 1533 2347 Cortii
1564 2313 1609 2348 de

211 2388 277 2413 usu
302 2376 468 2421 Orthogr.
494 2374 578 2410 Lat.
601 2373 661 2415 111,
685 2372 720 2415 3,
745 2372 801 2406 13.
839 2373 1041 2407 confirmari
1073 2375 1113 2409 V.
1136 2375 1180 2408 D.
1213 2376 1355 2420 gaudet.
1399 2374 1509 2408 Nobis
1540 2374 1609 2409 isto

212 2436 345 2484 gaudio
368 2435 440 2470 frui
463 2446 532 2470 non
564 2434 671 2476 1icet;
709 2444 792 2467 uam
815 2434 978 2479 diffluere
1000 2434 1270 2479 interpretamur
1292 2436 1330 2469 in
1352 2435 1468 2469 varios
1488 2439 1611 2481 partes

216 2498 373 2544 dispergi
406 2509 447 2531 uc
479 2496 615 2539 dilabi3
650 2495 800 2539 defluere
831 2507 915 2531 vero
948 2498 1107 2532 deorsum
1133 2496 1229 2539 ferri
1251 2501 1285 2531 et
1309 2496 1487 2541 adfinem
1509 2507 1610 2530 suum

213 2569 425 2606 properare,
455 2559 554 2592 velut
576 2557 689 2604 amuis
711 2557 757 2591 ad
780 2556 922 2591 ostium.
969 2557 1052 2592 Inde
1074 2561 1191 2600 patet,
1216 2568 1323 2600 quum
1346 2568 1403 2591 res
1425 2556 1612 2592 distractae

217 2626 253 2655 et
275 2620 441 2655 disiectae
463 2630 589 2664 parum
612 2618 754 2652 validae
776 2617 863 2659 sint,
887 2628 956 2652 non
978 2617 1095 2662 magis
1118 2621 1236 2651 autem
1260 2628 1323 2651 cae
1339 2618 1498 2660 valeant,
1521 2628 1612 2662 quae

219 2681 393 2716 curriculo
416 2680 517 2725 quasi
540 2691 680 2714 emenso
703 2682 928 2723 consumptae
952 2689 994 2712 ac
1016 2688 1127 2722 paene
1150 2677 1268 2712 nullae
1290 2682 1389 2719 sunt,
1424 2681 1613 2720 utrumque

222 2744 370 2778 verbum
393 2741 438 2778 ad
459 2752 579 2782 rerum
600 2740 661 2775 vel
681 2739 900 2786 pereuntium
922 2739 980 2774 vel
1001 2738 1225 2784 perditarum
1253 2737 1495 2773 condicionem
1523 2736 1614 2772 indi-
