1716 2996
163 173 250 214 262
531 168 579 213 G.
609 168 943 214 SALLUSTI
972 169 1198 216 CRISPI

164 285 378 347 gurtham
422 301 634 331 maxume
683 288 833 332 vivum
850 321 863 345 ,
915 287 984 333 sin
1027 287 1077 332 id
1117 287 1282 349 parum
1321 290 1563 351 procedat,

166 389 374 428 necatum
409 383 493 428 sibi
526 383 782 440 traderent;
818 391 1020 430 ceterum
1048 386 1201 447 palam
1236 402 1354 446 quae
1387 404 1444 434 ex
1475 404 1564 435 vo-

129 480 336 526 5luntate
371 480 523 525 forent
556 482 657 543 regi
690 483 888 527 nunciati
923 483 1060 531 iubet.
1106 483 1285 529 Deinde
1313 485 1415 545 ipse
1446 501 1566 547 pau-

169 578 231 623 cis
269 577 426 632 diebus
473 579 644 623 intento
691 587 830 639 atque
881 581 1046 626 infesto
1082 581 1280 627 exercitu
1322 582 1370 626 in
1403 583 1567 628 Numi—

168 699 257 735 ciari
274 699 426 741 iusserit,
444 699 564 744 qualia
584 699 643 734 ille
661 701 825 736 nunciari
840 702 909 737 sibi
928 701 1112 747 cupiverit.
1159 703 1230 738 Sed
1247 703 1341 748 quod
1361 703 1461 747 dicit,
1480 716 1569 750 quo-

168 761 285 795 minus
309 761 351 795 de
375 762 519 795 Metello
544 762 632 795 haec
656 762 768 807 accipi
792 763 944 807 possint,
975 763 1117 798 obstare
1139 764 1419 809 coniunctivum,
1444 769 1479 801 et
1499 779 1570 803 non

169 821 327 857 additam
351 823 545 857 voluntatis
569 824 859 868 explicationem,
891 836 1001 869 quum
1025 824 1162 859 Metelli
1185 825 1355 860 sententia
1377 826 1571 864 indicativo

169 882 279 918 fuerit
305 884 521 919 enuncianda
544 886 811 929 accuratiusque
833 887 876 920 de
898 897 942 920 ea
963 885 1216 929 exponendum,
1241 886 1276 920 id
1294 898 1434 930 prorsus
1449 899 1470 922 a
1486 901 1571 925 vero

170 944 325 978 alienum
349 949 412 987 est,
435 957 547 989 neque
569 947 779 981 refutatione
802 951 904 992 eget3
927 957 1011 981 nam
1034 946 1148 990 quivis
1164 947 1288 982 Latine
1306 948 1427 982 doctus
1443 949 1573 986 intelli-

172 1004 243 1050 git,
278 1017 383 1050 quam
416 1006 505 1040 bene
538 1007 780 1042 coniunctivus
808 1009 941 1043 habeat
973 1008 1019 1042 ad
1042 1007 1177 1042 Metelli
1213 1014 1366 1044 mentem
1390 1011 1570 1047 declaran-

171 1067 266 1104 dam.
311 1067 410 1101 Tum
441 1080 495 1101 res
519 1068 596 1112 ipsa
624 1070 710 1104 satis
745 1070 840 1103 clare
873 1068 1022 1103 ostendit
1059 1069 1195 1103 Metelli
1228 1071 1470 1116 voluntatem,
1502 1084 1572 1108 non

172 1129 369 1173 Iugurthae
394 1129 658 1174 intelligendam
676 1143 775 1172 esse3
800 1131 918 1174 inepte
942 1130 1034 1164 enim
1059 1130 1241 1172 Metellae,
1266 1132 1326 1174 qui
1350 1144 1415 1176 pro
1439 1133 1574 1170 victore

173 1201 282 1234 agere
306 1195 440 1234 posset,
475 1195 510 1225 et
533 1203 656 1226 revera
680 1192 776 1238 egit,
809 1203 847 1225 se
880 1192 923 1226 ud
952 1192 1062 1226 hostis
1084 1191 1203 1226 callidi
1234 1194 1453 1228 voluntatem
1477 1207 1574 1230 com-

174 1250 358 1295 posuisset.
382 1237 445 1276 —·
465 1251 588 1285 Palam
612 1253 770 1298 Longius
793 1265 836 1288 ex
858 1258 958 1298 parte
991 1259 1084 1287 recte
1104 1252 1354 1296 interpretatur
1375 1255 1575 1298 „universis

175 1311 305 1356 legatis
320 1336 329 1352 ,
353 1312 552 1356 quibuscum
574 1318 682 1347 antea
705 1316 894 1359 separatim
923 1320 958 1349 et
981 1316 1072 1348 clam
1101 1314 1239 1349 relicuis
1255 1318 1422 1361 egerat.“
1456 1318 1574 1354 Muel-

174 1371 269 1406 lerus
291 1374 537 1407 emendaturus
559 1375 647 1410 illud
671 1377 840 1410 universis
863 1376 1014 1421 legatis,
1047 1376 1140 1419 quod
1163 1376 1198 1411 in
1231 1378 1348 1411 verbis
1375 1390 1444 1412 non
1467 1380 1570 1424 inest,

177 1432 330 1476 explicat
350 1444 414 1477 pro
439 1436 618 1478 concione,
651 1449 721 1470 non
745 1438 829 1470 satis
862 1437 1056 1472 commode.
1107 1438 1302 1481 Respondit
1329 1441 1423 1473 enim
1448 1442 1576 1477 Metel-

173 1493 242 1535 lus,
266 1497 305 1527 ut
327 1505 404 1528 mos
431 1494 606 1539 militiae,
628 1498 666 1531 in
682 1498 844 1538 consilim-
865 1498 910 1531 cf.
931 1498 1106 1542 mxxix,
1122 1497 1156 1533 5.
1173 1503 1208 1532 et
1232 1500 1338 1543 Lxu,
1355 1499 1389 1534 4.
1402 1502 1464 1535 ubi
1482 1514 1577 1536 v,—

175 1555 247 1590 Pro
283 1561 435 1591 ceterum
470 1558 572 1601 pauci
604 1559 706 1592 codd.
741 1560 835 1592 male
867 1564 985 1593 cetera
1017 1558 1172 1598 habent-3
1207 1559 1254 1594 cf.
1279 1561 1323 1594 ad
1347 1562 1448 1605 c.11,
1470 1563 1507 1599 4.
1527 1583 1575 1591 --

175 1616 247 1652 Pro
270 1618 432 1652 nunciari
455 1619 610 1662 Bipontt.
637 1625 671 1654 et
704 1620 916 1655 Gerlachius
940 1631 983 1653 ex
1013 1620 1144 1654 Aldina
1165 1620 1377 1664 scripserunt
1396 1625 1576 1668 nunciare,

142 1726 144 1728 v
178 1678 271 1723 quod
296 1679 404 1713 etiam
428 1679 540 1713 Paris.
565 1683 606 1714 A.
636 1682 675 1715 C.
699 1682 733 1715 b.
759 1693 793 1715 x.
833 1681 1022 1715 Einsiedel.
1057 1681 1180 1716 Turic.
1205 1683 1239 1716 1.
1274 1686 1310 1716 et
1334 1682 1425 1727 Teg.
1449 1685 1578 1719 conflr-

177 1745 289 1775 mant.
329 1741 407 1775 Non
431 1740 684 1784 improbarem,
712 1742 741 1776 si
765 1743 870 1776 modo
896 1744 1013 1786 plures
1037 1744 1208 1786 probatae
1231 1742 1313 1776 fidei
1337 1743 1436 1777 codd.
1458 1755 1578 1779 assen-

177 1801 304 1843 tirent;
328 1813 410 1835 nam
434 1803 620 1836 commode
645 1815 701 1837 eos
723 1804 877 1848 suppleri
902 1808 1031 1848 potest.
1055 1804 1104 1837 cf.
1128 1804 1260 1838 Duker.
1286 1804 1331 1838 ad
1354 1804 1430 1840 Liv.
1449 1806 1576 1852 XXIV,

176 1862 236 1905 15,
260 1862 295 1898 5.
345 1863 414 1897 Sed
438 1865 582 1910 vulgata
602 1877 671 1899 non
698 1870 830 1900 temere
849 1867 902 1898 est
927 1865 1107 1898 mutanda.

271 1926 306 1967 §-
330 1924 366 1960 5.
413 1925 546 1960 intento
569 1932 674 1971 atque
698 1927 822 1968 infesto
847 1925 1019 1969 exercitu]
1045 1923 1253 1958 Ablativum
1275 1923 1350 1958 sine
1374 1936 1450 1959 cum
1474 1937 1578 1969 prae-

176 1987 349 2031 positione
390 1987 542 2031 positum
581 1987 791 2021 Gerlachius
832 1998 896 2030 pro
929 1985 1204 2020 insolentissima
1241 1988 1416 2020 structura
1454 1987 1575 2022 habet.

177 2049 307 2082 Veram
340 2048 415 2082 cius
449 2049 622 2082 rationem
653 2048 913 2083 illustravimus
944 2049 990 2082 ad
1023 2047 1128 2080 Catil.
1160 2058 1191 2082 c.
1225 2047 1333 2089 nvn,
1365 2047 1400 2084 4.
1425 2061 1460 2092 p.
1479 2049 1574 2094 301„

177 2109 238 2145 ubi
263 2110 499 2143 Basileensem
522 2108 692 2142 editorem
717 2110 847 2153 pariter
871 2115 1046 2144 errantem
1070 2107 1233 2142 vidimus.
1258 2108 1302 2141 cf.
1330 2110 1422 2154 Aug.
1450 2111 1578 2145 Grote-

179 2171 275 2205 feudi
307 2172 470 2205 Gramm.
497 2171 572 2205 Lat.
605 2171 712 2214 ampl.
740 2171 816 2204 Vol.
850 2171 895 2204 11.
928 2170 961 2214 §.
987 2170 1078 2211 403,
1109 2169 1144 2203 2.
1170 2181 1206 2213 p.
1229 2169 1310 2204 310.
1342 2170 1421 2215 lug.
1446 2172 1515 2216 ΙΝ,
1540 2172 1576 2213 4,

179 2233 285 2274 GVH,
301 2232 334 2268 2.
358 2233 451 2274 LIX,
475 2232 510 2266 3.
547 2236 583 2266 et
615 2243 706 2276 quae
728 2232 872 2277 collegit
903 2231 1149 2265 Boetticherus
1179 2229 1216 2263 in
1240 2231 1324 2264 Lex.
1347 2231 1464 2268 Tacit.
1484 2245 1517 2277 p.
1539 2232 1575 2267 6.

178 2294 367 2328 Praeterea
390 2293 424 2326 in
450 2294 612 2328 omuibus
635 2294 713 2328 edd.
737 2294 826 2328 haec
851 2293 958 2327 verba
980 2292 1130 2336 pessime
1146 2293 1378 2327 commatibus
1400 2304 1422 2328 a
1444 2293 1578 2328 relicua

180 2354 339 2389 oratione
371 2355 640 2400 disiunguntur,
675 2366 744 2398 quo
775 2355 852 2399 quis
883 2354 990 2388 facile
1022 2353 1142 2387 induci
1176 2354 1305 2397 possit,
1337 2358 1376 2387 ut
1400 2353 1577 2388 ablativos

182 2416 363 2452 absolutos
394 2427 469 2449 esse
500 2416 631 2450 credat.
680 2416 894 2450 Intentus
929 2416 1098 2449 exercitus
1130 2418 1206 2455 est,
1241 2413 1302 2457 qui
1332 2425 1402 2447 non
1431 2413 1578 2447 remisse

182 2478 283 2523 agit,
316 2478 517 2519 nulliusque
547 2476 624 2518 rei,
664 2477 765 2511 cuius
798 2477 834 2511 in
867 2478 961 2511 bello
994 2488 1098 2518 usus,
1134 2473 1318 2520 negligens
1341 2480 1403 2508 est.
1429 2475 1476 2509 et'.
1500 2474 1576 2509 Liv.

183 2538 324 2581 xxiv,
346 2537 413 2579 35,
440 2538 495 2571 1⁰.
546 2539 738 2572 Marcellus
771 2549 876 2582 quam
904 2542 1044 2581 poterat
1077 2538 1227 2570 maxime
1260 2537 1412 2570 intentus
1434 2541 1578 2581 atque

182 2600 368 2644 agmine
392 2600 451 2633 ad
475 2611 622 2633 omnes
646 2611 778 2634 casus
801 2599 1048 2644 composito
1071 2598 1191 2639 ibat,“
1213 2596 1341 2640 quibus
1365 2597 1479 2631 verbis
1503 2597 1578 2641 ipse

180 2660 304 2695 Livius
335 2660 417 2704 quid
449 2660 493 2695 sit
526 2661 681 2695 intentus
712 2660 878 2704 explicat.
901 2679 947 2685 -
979 2660 1131 2703 Infestus
1165 2670 1233 2692 non
1265 2662 1337 2700 est,
1374 2663 1415 2693 ut
1438 2658 1578 2694 Coi-tius

179 2721 450 2764 interpretatur,
483 2721 682 2756 stimulatus
705 2722 740 2755 in
765 2722 923 2761 hostem,
946 2732 993 2755 sc.
1018 2720 1196 2764 superiore
1216 2719 1435 2764 ignominia,
1459 2720 1519 2754 sed
1541 2719 1578 2753 in

180 2781 386 2817 universum
419 2781 597 2828 significat
629 2782 791 2818 hostilem
821 2782 969 2827 speciem
990 2793 1081 2827 prae
1104 2793 1141 2816 se
1161 2783 1304 2826 ferens,
1341 2792 1412 2816 uon
1433 2780 1504 2824 ita,
1525 2781 1579 2815 uti
