1702 2982
228 171 287 212 36
602 168 1003 213 C.SALLUST1
1031 168 1253 214 CRISPI

196 291 223 329 7
232 283 393 329 nabale
450 290 494 330 et
545 284 742 331 Gulussa
792 285 1001 332 fratribus
1047 287 1209 350 morbo
1255 286 1543 348 absumptiS.'=.
1571 286 1628 332 -Is

227 382 539 427 Adherbalem
576 389 620 427 et
656 382 968 442 Hiempsalem
1006 399 1060 427 ex
1106 400 1203 429 sese
1239 384 1416 445 genuit,
1464 384 1629 445 Iugur-

227 478 467 539 thamque,
513 479 834 548 Mastanabalis
886 481 1032 525 fratris
1081 482 1242 538 filium,
1304 496 1440 540 quem
1485 480 1629 526 Masi-

225 577 368 631 nissa,
414 577 539 635 quod
575 583 699 620 ortus
736 592 791 621 ex
829 578 1077 622 concubina
1114 586 1234 635 erat,
1282 580 1507 638 privatum
1543 578 1628 622 de-

224 674 487 734 reliquerat,
539 673 702 717 eodem
749 674 868 718 cultu
906 689 996 732 quo
1033 675 1198 720 liberos
1236 689 1337 720 suos
1375 675 1498 720 domi
1540 662 1628 720 ha-

224 772 332 815 buit.
1604 821 1607 824 ,

364 867 438 912 Vl.
512 867 602 923 Qui
639 867 714 911 ubi
742 867 937 927 primum
974 868 1193 923 adolevit,
1239 869 1417 928 pollens
1449 868 1628 924 viribus,

227 965 392 1010 decora
436 964 576 1018 facie,
641 964 720 1007 sed
766 965 906 1009 multo
954 981 1163 1010 maxume
1210 941 1394 1026 idgenio
1439 965 1627 1021 validus,

226 1077 315 1106 non
368 1077 416 1106 se
465 1061 570 1104 luxu
615 1076 762 1119 neque
815 1062 997 1106 inertiae
1055 1062 1439 1122 corrumpendum
1487 1061 1627 1119 dedit,

227 1157 329 1214 sed,
361 1158 429 1202 uti
455 1172 553 1203 mos
580 1158 724 1219 gentis
752 1158 864 1203 illius
896 1166 985 1215 est,
1018 1161 1243 1220 equitare,
1278 1159 1485 1216 iaculari,
1521 1153 1626 1204 cur-'

318 1304 351 1346 §.
374 1302 409 1337 6.
436 1302 602 1346 -deindej
641 1301 695 1336 lta
719 1303 865 1346 plurimi
889 1303 1083 1347 optimique
1106 1305 1210 1346 libri3
1234 1305 1295 1339 sed
1318 1305 1423 1338 Rem.
1446 1304 1482 1338 1.
1507 1302 1628 1338 Guelf.

224 1364 283 1399 11.
307 1362 460 1398 Merseb.
485 1363 568 1398 Riv.
596 1363 716 1397 Berol.
731 1363 765 1397 2.
789 1365 935 1405 dehinc,·
957 1364 992 1398 in
1017 1365 1159 1400 Fabric.
1177 1369 1296 1400 autem
1320 1365 1353 1399 1.
1373 1368 1409 1399 et
1425 1364 1460 1400 2.
1485 1364 1579 1402 vmt
1593 1362 1628 1397 1.

225 1426 347 1461 Guelf.
372 1425 407 1459 1.
441 1425 546 1458 Rem.
571 1423 607 1459 2.
643 1427 679 1458 et
701 1423 739 1458 in
769 1425 868 1460 codd.
892 1425 993 1460 mvii
1017 1414 1068 1460 est
1091 1426 1193 1469 acin,
1218 1426 1310 1470 quod
1334 1424 1473 1460 eortius
1495 1430 1529 1459 et
1552 1427 1632 1469 post

223 1498 304 1520 eum
337 1496 458 1519 omnes
490 1484 617 1518 relicui
650 1491 864 1528 receperunt.
922 1486 1030 1520 Nobis
1053 1486 1090 1520 in
1113 1486 1286 1521 eiusmodi
1308 1487 1413 1520 rebus
1435 1487 1537 1520 codd.
1564 1496 1628 1520 au-

222 1547 420 1583 ctoritatem
438 1545 632 1590 plurimum
649 1546 770 1579 valere
785 1546 1044 1581 declaravimus
1061 1548 1109 1582 ad
1125 1548 1203 1582 Cat.
1215 1548 1365 1589 xxxa,
1389 1548 1423 1582 1.

312 1609 393 1652 §.2
418 1607 674 1651 Dereliquerat,
699 1611 738 1640 ut
757 1606 867 1650 primi
882 1607 1068 1650 edidimus,
1084 1619 1154 1642 non
1171 1608 1284 1642 solum
1300 1607 1336 1641 in
1355 1608 1455 1643 codd.
1474 1606 1630 1651 optimae

223 1674 325 1705 notae
342 1670 425 1704 Bas.
437 1668 470 1704 l.
487 1667 638 1702 Fabr.1.
661 1667 743 1701 Seu.
755 1667 785 1701 1.
807 1667 924 1703 Guelf.
935 1669 969 1704 5.
985 1672 1020 1703 et
1042 1668 1137 1705 Leid.
1150 1669 1204 1711 Ia„
1220 1668 1280 1703 ned
1298 1668 1407 1704 etiam
1425 1668 1460 1703 in
1479 1667 1627 1703 Faba-2.

225 1730 418 1766 Rem.1.72.
443 1729 551 1763 Acad.
570 1728 640 1762 Inc.
654 1727 688 1761 2.
714 1727 833 1762 Struv.
854 1728 996 1764 vtatisl.
1014 1729 1048 1762 1.
1074 1729 1109 1763 3.
1135 1730 1257 1763 Guelf.
1276 1728 1310 1762 3.
1335 1729 1371 1763 6.
1388 1730 1424 1764 7.
1447 1729 1504 1763 lo.
1531 1729 1628 1764 Leid.

221 1793 265 1825 1).
283 1792 324 1826 Ε.
348 1790 390 1824 G.
412 1790 440 1823 1.
457 1794 491 1823 et
508 1788 611 1822 Misn.
630 1787 774 1831 legitur,
798 1790 1057 1832 quodammodo
1073 1790 1319 1824 accedentibus
1336 1789 1453 1823 Guelf.
1464 1788 1499 1831 2.
1518 1788 1577 1823 12.
1591 1791 1628 1823 ct

221 1851 387 1893 Leid.K.,
404 1849 465 1894 qui
477 1849 612 1883 habent
629 1849 845 1893 deliqueram
869 1849 905 1884 in
923 1849 1067 1885 relicuis
1084 1851 1247 1885 omnibus
1264 1853 1317 1884 est
1331 1850 1534 1896 reliquerat.
1556 1849 1627 1884 Sed

219 1911 454 1956 compositum
481 1913 621 1954 praeter
638 1910 842 1955 graviorem
869 1910 968 1944 codd.
995 1911 1240 1946 auctoritatem
1261 1909 1367 1944 etiam
1387 1914 1527 1954 propter
1547 1920 1626 1944 sen-

221 1984 302 2007 sum
320 1973 434 2007 multo
457 1970 733 2005 commodiorem
756 1970 1036 2014 praeferendum.
1086 1970 1178 2005 Nam
1201 1980 1309 2013 quum
1337 1971 1447 2006 verba
1479 1970 1626 2013 cumrde

220 2033 477 2078 praepositione
494 2031 678 2066 coniuncta
695 2031 768 2065 vim
784 2030 1000 2075 simplicibus
1013 2031 1188 2066 maiorem
1203 2030 1392 2075 accipiant,
1421 2034 1460 2064 ut
1472 2023 1626 2064 ostbudi-

219 2107 300 2130 mus
318 2096 364 2129 ad
382 2093 484 2128 Catil.
503 2093 614 2135 XXV,
641 2093 676 2127 3.
707 2104 742 2136 p.
755 2092 858 2134 121„
896 2091 935 2126 in
958 2096 1123 2136 promptu
1147 2095 1200 2126 est
1219 2095 1438 2136 contemptus
1457 2094 1493 2125 et
1511 2090 1626 2135 negli-

220 2155 360 2202 gentiae
376 2154 554 2190 notionem
564 2179 575 2196 ‚
598 2153 648 2188 ita
671 2153 779 2187 verbo
795 2152 951 2187 additam
963 2177 972 2195 ,
1008 2152 1157 2187 mirifice
1172 2151 1240 2187 loci
1255 2151 1446 2187 sententiae
1463 2151 1624 2186 conveni-

219 2229 270 2254 re.
317 2217 363 2250 cf.
389 2215 460 2249 cic.
486 2215 590 2249 Brut.
616 2214 652 2256 4,
675 2214 734 2248 16.
772 2215 933 2248 Seremus
962 2213 1098 2258 aliquid
1127 2218 1297 2258 tanquam
1314 2214 1351 2248 in
1373 2213 1557 2248 inculto
1580 2216 1624 2247 et

221 2280 302 2313 der
316 2277 458 2312 elicto
481 2276 575 2315 solo‚·
598 2274 642 2309 ad
667 2285 773 2318 quem
796 2275 912 2308 locum
936 2274 1138 2309 Enendtius
1159 2275 1319 2319 apposite
1341 2273 1559 2318 comparavit
1580 2273 1625 2306 de

220 2339 262 2375 N.
286 2339 380 2380 1).1‚
408 2337 442 2380 5,
467 2337 524 2372 11.
550 2335 620 2370 Res
643 2335 864 2370 desertae
888 2347 931 2369 oc
955 2335 1231 2371 derelictae.
1279 2336 1357 2372 niv.
1375 2334 1540 2375 xxxlx,
1562 2332 1622 2376 50,

217 2400 252 2435 5.
293 2400 410 2434 Vacua
430 2402 574 2443 praeter
594 2407 691 2441 spem
719 2397 871 2442 ingressi
899 2401 1038 2439 caetra,
1076 2409 1166 2442 quae
1191 2397 1423 2432 derelicta
1447 2396 1539 2430 iuter
1558 2406 1623 2430 no-

219 2466 378 2496 cturnam
408 2458 678 2503 trepidationem
709 2463 831 2500 erant,
868 2450 1098 2502 diripuerunt.
1146 2459 1247 2503 Quae
1269 2456 1450 2500 exempla,
1485 2455 1620 2499 opinor,

218 2522 403 2556 ostendunt
424 2524 578 2555 nostram
601 2517 874 2563 explicationem
897 2529 1004 2562 quam
1018 2517 1220 2552 Doederlini
1241 2528 1317 2552 ease
1339 2515 1535 2559 veriorem,
1560 2515 1622 2560 qui

219 2583 255 2616 in
279 2581 508 2627 Synouymm.
539 2580 632 2614 Latt.
656 2579 732 2614 Vol.
740 2580 803 2615 111.
827 2591 860 2624 p.
870 2579 952 2616 29⁰.
976 2580 1214 2624 derelinquere
1235 2589 1315 2612 cum
1342 2577 1461 2620 aliqua
1483 2577 1621 2620 vitupe-

218 2643 366 2678 rationis
386 2640 644 2687 significatione
662 2639 738 2674 dici·
749 2644 876 2683 censet,
901 2640 1001 2675 cuius
1024 2640 1098 2674 vim
1122 2640 1156 2673 in
1181 2638 1371 2673 vernacula
1393 2648 1460 2671 vox
1486 2637 1617 2671 leider!

219 2702 369 2738 orationi
400 2702 584 2737 interiecta
616 2701 812 2746 exprimere
844 2701 973 2736 valeat.
1037 2701 1156 2735 Cultus
1179 2698 1263 2742 quid
1286 2698 1540 2742 complectatur
1563 2696 1617 2738 di-

219 2769 316 2800 ctum
341 2763 384 2798 ad
408 2762 511 2798 catil.
535 2762 695 2803 xnvlu,
721 2761 752 2795 2.
781 2773 817 2805 p.
835 2760 917 2794 22⁰.
942 2780 988 2786 -
1021 2760 1073 2794 De
1095 2759 1224 2794 habere
1248 2758 1357 2793 verbo
1383 2769 1415 2792 ν.
1442 2757 1486 2792 ad
1511 2756 1616 2793 catil.
