1702 2982
191 149 249 190 24
466 125 469 133 ’
571 143 969 190 c.SALLUST1
1002 148 1223 191 CRISPI

195 265 414 308 maiorum
461 266 679 326 imagines
724 266 1022 322 intuerentur,
1077 265 1480 310 vehementissume
1516 267 1598 310 sibi

163 371 189 409 6
200 362 395 406 animum
447 362 507 406 ad
554 363 763 407 virtutem
803 362 1003 407 accendi.
1089 363 1272 408 Scilicet
1316 378 1406 407 non
1450 378 1598 407 ceram

196 460 318 503 illam
354 475 502 519 neque
538 461 737 521 figuram
765 466 935 505 tantam
964 461 1054 506 vim
1086 462 1130 505 in
1163 477 1260 506 sese
1290 460 1485 517 habere,
1521 459 1601 511 sed

198 615 420 661 egregiisque
448 618 549 651 factis
572 617 662 652 illud
686 616 856 650 iudicium
886 617 1074 659 niteretur,
1111 627 1222 661 neque
1245 627 1287 650 ex
1311 616 1406 651 illius
1437 615 1603 660 temporis

197 676 426 721 scriptoribus
450 689 487 713 se
510 679 693 723 profitetur
717 677 916 722 accepisse,
947 688 1060 721 neque
1084 677 1307 712 coniectando
1330 678 1502 724 indagare
1525 688 1602 722 pos-

197 748 235 771 se
263 738 411 781 putavit.

290 801 501 844 praeterea]
527 800 607 834 Vim
632 801 739 835 huius
763 801 861 835 vocis
886 801 921 835 in
945 800 1424 835 nectendis'enunciationum
1448 799 1606 844 partibus

199 857 432 894 indicavimus
455 861 500 894 ad
526 861 631 895 Catil.
656 874 686 896 c.
711 862 751 901 L,
775 862 809 896 3.
835 873 868 905 p.
894 861 976 896 233.
1002 882 1046 886 —
1081 861 1257 894 Solitos
1280 861 1394 895 dicere
1417 859 1607 904 explicavi·-

200 930 280 952 uuus
302 920 345 954 ad
371 922 474 956 Catil.
500 934 530 959 c.
554 924 692 966 xnvu,
719 923 754 965 1,
780 934 814 966 p.
838 922 919 955 214.
968 923 1015 956 cl'.
1041 922 1182 965 Zumpt.
1206 921 1365 956 Gramm.
1390 922 1468 956 Lat.
1494 924 1526 964 ἓ.
1548 921 1604 955 84.

201 982 243 1013 l).
269 980 303 1014 9.
329 993 362 1026 p.
388 983 469 1017 492.
518 984 590 1018 Cic.
617 985 653 1018 in
676 985 775 1017 Verr.
799 983 858 1025 lV,
881 983 941 1024 21,
966 982 1023 1017 47.
1063 983 1156 1025 Quas
1179 983 1316 1027 putatis
1341 983 1608 1017 lamentationes

193 1043 281 1086 fieri
304 1045 476 1079 solitas
500 1057 596 1079 esse
620 1046 656 1079 in
686 1046 779 1078 hisce
808 1045 938 1079 rebus?
986 1043 1103 1077 Tacit.
1127 1043 1213 1076 Ann.
1237 1043 1331 1084 xm,
1356 1043 1392 1085 l,
1415 1043 1462 1078 in.
1498 1044 1527 1078 Ι.
1551 1044 1607 1077 Si-

203 1104 325 1144 lanus,
350 1108 469 1151 segnis
499 1111 534 1140 et
551 1100 762 1150 fastiditus,
789 1107 877 1139 adeo
907 1111 946 1139 ut
971 1106 1007 1138 (ἶ
1034 1106 1166 1138 Caesar
1183 1105 1350 1149 pecudem
1367 1116 1514 1138 auream
1531 1116 1608 1138 cum

203 1167 383 1209 appellare
419 1169 589 1202 solitus
625 1169 697 1202 sit.
747 1169 775 1209 l,
799 1168 858 1210 73,
882 1167 915 1200 3.
957 1166 1112 1201 Cassium
1138 1166 1339 1200 solitum
1364 1167 1529 1200 interesse
1556 1167 1609 1200 lu-

204 1227 269 1260 dis.
295 1247 337 1253 --
366 1229 544 1275 Imagines
567 1232 687 1263 notum
711 1233 763 1263 est
787 1228 959 1262 nobilium
984 1231 1121 1262 tantum
1143 1227 1270 1267 fuisse3
1295 1238 1385 1271 quae
1406 1238 1475 1271 quo
1492 1227 1611 1271 plures

204 1293 240 1322 et
262 1288 477 1334 antiquiores
501 1294 618 1332 erant,
643 1301 685 1324 eo
708 1290 880 1324 maiorem
905 1288 1059 1334 gloriam
1085 1293 1120 1323 ct
1142 1290 1364 1333 splendorem
1388 1300 1468 1322 cum
1491 1291 1612 1322 aucto-

205 1348 308 1384 ritate
331 1351 577 1386 conciliabant.
626 1363 662 1385 v,
684 1351 835 1385 Nitschii
859 1351 999 1395 Antiqq.
1024 1351 1131 1384 Rom.
1157 1350 1298 1384 Tom.1.
1321 1349 1447 1394 p.122.
1474 1349 1527 1382 ed.
1549 1349 1610 1382 111.

206 1411 286 1445 coll.
313 1411 387 1447 Cic.
414 1412 450 1446 in
474 1413 574 1446 Verr.
599 1414 641 1455 V,
664 1413 724 1456 14,
748 1412 806 1448 36.
829 1415 948 1447 luven.
973 1413 1047 1447 Sat.
1068 1413 1158 1453 vlu,
1182 1412 1291 1455 6sqq.
1342 1412 1395 1444 De
1417 1410 1496 1444 iure
1522 1410 1613 1454 ima-

205 1471 330 1515 ginum
366 1474 605 1517 ponendarum
644 1486 677 1508 V.
717 1474 789 1508 Cic.
823 1474 859 1508 in
891 1475 992 1508 Verr.
1015 1475 1058 1517 V,
1083 1471 1140 1515 14,
1164 1472 1222 1506 36.
1257 1475 1291 1505 et
1315 1472 1439 1517 Sigon.
1465 1472 1509 1506 ad
1533 1471 1611 1504 Liv-

206 1533 282 1576 vn,
309 1534 342 1574 1,
369 1536 403 1569 1.
452 1535 667 1580 Saepissime
699 1539 818 1570 autem
853 1535 1051 1580 exagitatos
1083 1534 1211 1578 fuisse,
1255 1533 1318 1577 qui
1348 1533 1406 1567 his
1437 1531 1615 1566 maiorum

208 1594 343 1628 meritis
366 1596 492 1630 stolide
515 1597 749 1639 superbirent,
773 1596 843 1641 ipsi
866 1608 971 1630 verae
995 1594 1137 1630 virtutis
1161 1599 1331 1640 expertes,
1357 1606 1427 1628 non
1448 1597 1500 1628 est
1522 1593 1616 1637 quod

210 1655 403 1697 miremur3
436 1658 480 1691 cf.
506 1657 595 1691 Sall.
621 1659 700 1703 lug.
726 1670 756 1691 c.
783 1659 958 1699 Lxxxv,
982 1657 1040 1691 10.
1068 1657 1129 1691 ubi
1146 1666 1187 1692 ‘v.
1212 1657 1309 1690 Cort.
1333 1656 1418 1691 ibid.
1443 1658 1476 1699 §.
1500 1653 1557 1689 25.
1582 1658 1617 1689 et

209 1716 265 1751 29.
299 1717 371 1752 Cic.
395 1718 432 1752 iu
455 1719 572 1753 Pison.
599 1732 629 1753 c.
655 1721 690 1763 l,
714 1720 750 1754 1.
775 1730 808 1762 p.
834 1719 954 1752 Plane.
979 1731 1010 1752 c.
1034 1718 1070 1761 7,
1096 1717 1154 1754 18.
1176 1717 1266 1752 Sall.
1291 1718 1440 1762 Fragm.
1463 1716 1617 1750 Historr.

210 1779 270 1820 ln,
282 1779 408 1823 2218.
435 1781 473 1814 In
498 1782 588 1816 atrio
614 1782 722 1816 fuisse
745 1780 874 1825 positas
901 1783 996 1824 patet
1019 1791 1061 1812 ex
1086 1779 1207 1812 Senec.
1218 1780 1281 1823 Ep.
1293 1778 1416 1812 XLIV.
1439 1789 1509 1812 non
1521 1778 1616 1821 facit

212 1841 359 1874 nobilem
392 1842 522 1875 atrium
557 1844 697 1887 plenum
726 1842 878 1886 fumosis
906 1841 1132 1887 imaginibus.
1180 1839 1268 1874 Stat.
1302 1840 1417 1874 Theb.
1451 1840 1503 1880 Π,
1535 1839 1618 1875 214.

213 1901 316 1937 Ovid.
342 1903 453 1938 Fastt.
480 1904 508 1946 Ι,
532 1903 614 1939 591.

307 1967 339 2008 §-
365 1964 400 1998 6.
452 1966 590 2000 Scilicet
611 1978 680 1999 non
704 1975 820 1999 ceram
845 1963 937 2007 etc]
961 1963 1102 1997 Horum
1127 1963 1502 2004 verborum'sensum‚
1527 1965 1617 1996 stru-

215 2032 314 2059 ctura
346 2037 413 2059 non
448 2027 646 2068 intellecta,
683 2026 888 2070 interpretes
913 2036 980 2058 nou
1005 2023 1154 2059 assecuti
1184 2027 1273 2060 sunt.
1321 2023 1412 2058 Nam
1436 2034 1526 2067 quae
1548 2023 1620 2057 Fa-

215 2086 355 2121 biorum
381 2090 415 2120 et
440 2086 644 2130 Scipionum
669 2090 770 2128 sunt,
804 2086 974 2120 Sallustio
999 2085 1177 2128 tribuunt,
1206 2086 1290 2130 quia
1315 2084 1369 2119 illi
1393 2083 1497 2118 nimis
1521 2095 1621 2118 arro-

216 2153 340 2193 gantes
375 2148 465 2191 sint,
498 2147 528 2182 si
553 2152 663 2182 semet
687 2147 754 2192 ipsi
779 2148 943 2193 egregios
966 2148 1060 2182 viros
1084 2147 1277 2191 appellent3
1312 2145 1532 2180 accusativos
1554 2156 1620 2180 au-

218 2215 289 2243 tem
314 2221 345 2244 c.
371 2209 433 2242 int'.
458 2209 608 2252 pendere
639 2209 758 2243 dicunt
781 2220 803 2244 a
827 2210 958 2243 scilicet
980 2209 1004 2243 i.
1029 2220 1060 2243 e.
1085 2208 1174 2242 scire
1199 2209 1299 2250 licet,
1332 2218 1438 2251 quam
1471 2210 1622 2242 structu-

218 2280 295 2303 ram
319 2280 404 2303 sane
427 2269 577 2313 reperiri
600 2269 750 2304 ostendit
773 2269 914 2304 Cottius
938 2270 984 2304 ad
1019 2270 1096 2315 lug.
1121 2270 1246 2311 exul,
1268 2268 1304 2303 3.
1338 2269 1495 2304 Gronov.
1520 2269 1623 2303 Obss.

216 2331 277 2372 lu,
301 2332 335 2366 9.
370 2343 404 2375 p.
429 2330 500 2365 388
524 2343 575 2374 sq.
606 2331 660 2365 cd.
697 2331 791 2376 Lips.
825 2331 994 2365 Ruddim.
1026 2329 1152 2365 lustitt.
1186 2330 1347 2364 Gramm.
1381 2330 1486 2364 Tom.
1509 2329 1556 2364 11.
1586 2341 1621 2373 Ρ.

219 2391 301 2433 321,
324 2392 383 2426 IV.
409 2392 552 2426 Rulink.
579 2392 622 2426 ad
649 2393 732 2427 Ter.
759 2394 889 2426 Heaut.
912 2393 959 2435 Π,
979 2392 1015 2434 3,
1037 2390 1137 2432 117.;
1163 2391 1221 2425 sed
1247 2401 1289 2424 ea
1313 2395 1432 2426 nostro
1456 2392 1536 2427 loco
1560 2391 1623 2426 ad-

221 2453 314 2488 mitti
351 2453 483 2497 nequit.
533 2452 729 2498 Quominus
754 2454 848 2487 enim
880 2452 1051 2488 sententia
1076 2451 1236 2486 Sallustii
1259 2451 1306 2485 sit
1329 2452 1485 2496 primum
1509 2454 1626 2488 obstat
1658 2452 1660 2458 '

221 2525 328 2548 nexus
352 2525 434 2548 cum
457 2513 759 2555 antecedentibus-3
797 2526 881 2548 nam
906 2514 935 2548 si
959 2515 1088 2548 scilicet
1111 2517 1163 2548 est
1187 2514 1274 2548 scire
1298 2514 1398 2556 licet,
1433 2515 1512 2558 quis
1534 2514 1627 2548 ferat

222 2577 414 2622 asyndeton
447 2579 522 2610 tam
557 2574 727 2620 frigidum
759 2578 795 2609 et
823 2577 1000 2620 ineptum,
1031 2574 1151 2608 ieiuna
1181 2573 1360 2618 scriptoris
1393 2573 1626 2620 explicatione

223 2637 380 2684 egregiis
415 2637 679 2682 praeclarorum
715 2636 872 2670 virorum
906 2635 1024 2669 verbis
1055 2635 1217 2670 adiecta?
1262 2626 1359 2670 Tum
1389 2635 1427 2669 in
1462 2639 1627 2678 promptu

159 2718 162 2720 ,
225 2703 294 2741 est,
318 2709 395 2732 eam
421 2698 467 2732 ob
492 2709 652 2732 caussam
678 2696 887 2732 Sallustium
913 2696 1057 2731 illorum
1081 2697 1252 2731 iudicium
1272 2697 1443 2740 laudare,
1467 2699 1507 2730 ut
1525 2701 1627 2731 tanta

226 2761 432 2794 anactoritate
454 2759 671 2805 intelligatur
706 2770 818 2793 rerum
845 2763 1027 2802 gestarum
1049 2758 1252 2792 memoriam
1277 2757 1499 2793 utilissimam
1530 2768 1627 2798 essu
