1716 2996
129 72 142 93 Ι

183 110 270 151 4⁰8
492 85 496 93 ’
560 103 608 148 e.
639 103 962 166 SALLUSTI
991 104 1209 150 cmsrr

187 223 323 269 rebns
348 195 542 267 >studere
555 256 569 281 ‚
614 219 856 266 advorsum
902 237 1038 282 quem
1074 238 1222 283 neque
1253 223 1444 285 imperia
1474 239 1575 269 ma*-
1623 288 1626 290 v

194 320 460 382 gistratuum
502 333 650 376 neque
693 318 822 379 leges
869 319 1079 364 valerent.
1158 320 1219 365 Ni
1255 320 1316 365 id.
1334 321 1576 378 festinaret,

194 418 242 463 in
285 431 462 462 summo
509 400 729 476 periculo¹
768 431 894 460 suam
939 417 1127 461 salutem
1144 450 1159 474 ‚
1213 417 1391 463 illorum
1436 419 1580 464 socios

157 514 310 562 2fore.
379 514 499 558 Nam
532 513 761 573 Leptitani
794 514 884 557 iam
907 513 1013 558 inde
1048 529 1076 558 a
1109 514 1330 576 principio
1361 515 1470 560 belli
1504 515 1583 560 Iu-

199 610 399 674 gurthini
431 609 491 654 ad
524 609 725 655 Bestiam
755 611 984 655 consulem
1015 616 1061 656 et
1087 616 1251 671 postea
1273 612 1472 658 Romam
1499 613 1586 658 mi—

167 716 194 757 3
207 714 381 764 serant,
436 707 673 753 amicitiam
724 708 1071 767 societatemque
1122 715 1369 770 rogatum3
1412 710 1590 768 deinde,

201 844 404 889 Leptitanos
426 854 552 878 revera
575 844 818 879 Romanorum
840 844 955 879 socios
977 843 1103 887 fuisse,
1131 848 1172 880 ut
1194 845 1305 890 legati
1327 845 1496 881 dixerant.
1542 847 1593 881 Il-

203 908 315 941 1omm
338 909 456 940 autem
480 904 525 939 ad
547 904 688 950 synesin
710 905 843 940 dictum
865 909 939 952 est,
961 905 1131 941 Romanis
1152 917 1222 940 non
1243 905 1430 942 nominatis
1452 908 1595 952 quidem

204 967 242 1003 in
266 966 574 1008 antecedentibus,
608 966 669 1001 sed
691 965 874 1001 intellectis
898 970 1036 1009 tamen3
1069 977 1153 1002 nam
1177 966 1238 1010 qni
1260 967 1308 1001 ad
1332 967 1512 1002 Metellum
1535 979 1596 1002 ve—
1648 1006 1651 1008 ,

207 1034 335 1064 nerant
370 1029 485 1074 legati
516 1028 687 1062 auxilium
717 1033 903 1073 rogantes,
939 1039 1008 1062 non
1035 1028 1081 1062 ad
1104 1027 1194 1062 alios
1216 1039 1323 1072 qnam
1347 1027 1391 1061 ad
1415 1029 1597 1062 Romanos

208 1089 455 1133 confugerant.
502 1088 650 1122 Prorsus
673 1087 789 1131 inepte
811 1087 922 1132 igitur
943 1088 1097 1122 Weisius
1119 1089 1256 1122 illorum
1279 1099 1344 1131 pro
1365 1099 1442 1122 suos
1464 1087 1605 1122 dictumv

208 1153 334 1196 putans
357 1150 401 1184 ad
423 1147 624 1193 Leptitanos
647 1150 766 1183 refert.
812 1149 910 1183 Idem
934 1154 968 1183 et
991 1152 1070 1183 ante
1092 1150 1229 1183 illorum
1250 1149 1379 1190 intulit,
1402 1149 1497 1192 quod
1515 1160 1600 1183 sane

210 1211 410 1255 complures
442 1209 542 1259 codd.
573 1210 724 1251 habent3
763 1209 823 1243 sed
855 1210 1021 1253 copulam
1050 1211 1095 1243 ab
1119 1209 1424 1254 interpolatoribus
1452 1221 1528 1244 esse
1547 1209 1603 1244 in-

212 1276 343 1307 sertam
375 1281 495 1305 sensus
527 1269 598 1304 loci
623 1271 856 1313 demonstrat,
876 1268 1049 1314 siquidem
1073 1270 1249 1314 Leptitani
1271 1281 1313 1304 eo
1336 1270 1489 1304 maxime
1511 1271 1602 1306 nite-

213 1334 365 1375 bantur,
388 1331 482 1375 quod
505 1331 630 1372 iidem,
656 1342 807 1374 quorum
828 1331 922 1365 salus
946 1331 1220 1376 periclitaretur,
1251 1331 1338 1366 socii
1361 1332 1603 1366 Romanorum

215 1396 349 1434 essent;
382 1397 416 1427 et
439 1403 524 1426 vero
547 1391 690 1434 illatum
723 1391 838 1426 socios
869 1392 957 1425 alios
980 1403 1054 1426 esse
1076 1392 1265 1434 indicaret,
1298 1402 1405 1437 quam
1427 1391 1470 1425 de
1493 1393 1606 1427 salute

216 1454 353 1490 anxios.
397 1453 518 1497 Neque
539 1441 657 1488 tamen
678 1451 744 1486 illa
767 1452 878 1486 verba
900 1463 966 1496 pro
983 1453 1200 1497 appositione
1221 1451 1383 1487 habenda
1403 1455 1495 1494 sunt,
1515 1465 1609 1498 quae

219 1519 398 1550 structura
428 1506 635 1558 praegresso
668 1512 862 1559 possessivo
894 1512 1098 1557 pronomine
1119 1511 1316 1558 genitiv'nm
1339 1517 1517 1557 posceret,
1546 1514 1609 1550 sed

219 1579 388 1620 tanquam
411 1575 562 1609 alteram
585 1578 621 1609 et
642 1574 846 1619 graviorem
868 1585 1030 1608 caussam
1044 1573 1157 1619 legati
1175 1574 1345 1616 referunt,
1369 1575 1612 1610 Romanorum

222 1637 329 1673 socios
352 1636 389 1670 in
418 1635 575 1680 periculo
606 1636 694 1672 fore.
740 1634 844 1678 Quod
866 1646 975 1678 quum
996 1635 1041 1669 ad
1072 1635 1292 1670 maiestatem
1315 1636 1436 1680 populi
1458 1637 1613 1673 Romani

226 1699 426 1744 spectaret,
450 1699 610 1740 apertum
634 1699 710 1737 est,
742 1695 822 1730 illos
853 1696 923 1730 hoc
949 1696 1064 1731 dicere
1095 1696 1210 1731 velle:
1234 1695 1272 1730 ni
1295 1695 1331 1730 id
1351 1697 1552 1742 festinaret,
1574 1698 1613 1734 in

225 1769 363 1794 summo
394 1757 551 1802 periculo
581 1768 662 1791 aon
699 1743 853 1791 solum'
873 1768 974 1791 suam
1006 1759 1177 1801 salutem,
1221 1757 1300 1792 sed
1337 1757 1482 1792 etiam
1503 1761 1615 1795 maie-

226 1823 356 1855 statem
384 1818 504 1864 populi
527 1818 570 1852 R.
594 1818 683 1852 fore.
731 1817 802 1852 Sed
823 1821 946 1853 auctor
967 1819 1151 1853 brevitatis
1173 1821 1208 1852 et
1228 1817 1468 1853 concinnitatis
1499 1821 1615 1855 studio

226 1880 315 1916 satis
337 1878 466 1913 habuit
498 1880 598 1913 sociis
621 1878 808 1913 nominatis
831 1890 990 1914 caussam
1014 1891 1077 1924 pro
1100 1879 1228 1913 effectu
1251 1878 1478 1924 significasse.
1523 1881 1615 1917 Nam

229 1941 329 1977 sociis
353 1942 460 1976 laesis
483 1939 561 1985 ipsa
584 1939 740 1974 Romani
766 1938 906 1983 imperii
928 1941 1095 1976 maiestas
1118 1940 1383 1984 despiciebatur.

324 2030 359 2075 §.
381 2029 416 2063 2.
463 2029 538 2062 iam
560 2028 662 2073 inde]
688 2029 758 2063 Pro
783 2028 864 2063 iude
889 2028 1023 2073 aliquot
1045 2028 1129 2064 libri
1150 2028 1282 2063 habent
1305 2034 1388 2064 ante
1410 2031 1467 2064 vel
1489 2036 1620 2075 antea,-

231 2091 313 2125 t‘nde
337 2091 452 2124 solum
477 2091 572 2124 deest
594 2090 630 2124 in
653 2090 770 2131 Bodl„
794 2092 942 2132 utraque
969 2094 1086 2125 autem
1109 2102 1179 2125 vox
1202 2090 1376 2125 omittitur
1399 2089 1435 2125 in
1457 2091 1564 2126 Fabr.
1583 2093 1620 2128 2.

235 2153 354 2187 Guelf.
381 2151 452 2195 1⁰„
476 2152 567 2185 unde
590 2151 728 2186 Cottius
750 2151 839 2184 haec
863 2162 926 2194 pro
950 2151 1195 2186 additamentis
1218 2152 1336 2187 habet.
1384 2151 1455 2186 Sed
1477 2153 1622 2188 minime

233 2213 458 2248 sollicitanda
491 2215 570 2246 sunt
602 2212 733 2254 verba,
766 2211 969 2256 saepissime
998 2214 1092 2258 apud
1114 2213 1254 2248 Livium
1278 2213 1388 2255 lecta,
1420 2217 1459 2248 ut
1477 2214 1625 2250 ostendit

235 2273 501 2309 Drakenborch.
527 2273 572 2307 ad
596 2273 623 2315 1,
647 2273 682 2314 2,
705 2273 739 2308 3.
759 2294 806 2300 --
838 2274 890 2307 De
921 2274 1039 2309 verbis
1069 2275 1260 2310 amicitiam
1283 2275 1546 2319 societatemque
1565 2285 1623 2310 ro-

237 2339 364 2382 gatum
395 2346 429 2368 v.
455 2335 499 2369 ad
533 2346 563 2369 c.
588 2335 727 2376 XXIV,
750 2334 784 2370 3.
819 2346 853 2378 p.
879 2334 959 2368 143.
993 2336 1073 2370 coll.
1104 2337 1327 2371 annotatione
1357 2335 1402 2369 ad
1426 2347 1457 2370 c.
1481 2335 1624 2378 LXXX,

238 2396 275 2431 4.
300 2415 343 2421 —
368 2396 451 2429 Post
474 2395 664 2438 impetrata
688 2395 791 2428 multi
814 2395 898 2430 libri
922 2397 1053 2432 habent
1069 2400 1194 2442 fuere,
1230 2396 1350 2431 Guelt'.
1373 2395 1408 2429 6.
1437 2406 1523 2429 vero
1544 2399 1626 2431 ante

241 2457 380 2501 impetr.
426 2454 499 2488 Alii
523 2455 708 2489 ostendunt
730 2460 830 2498 sunt,
860 2457 921 2491 sed
953 2469 1021 2491 non
1057 2458 1180 2491 eodem
1204 2458 1300 2500 loco,
1334 2467 1423 2499 quae
1444 2468 1501 2491 res
1521 2457 1627 2492 fldem

229 2516 332 2551 rfacit
362 2525 482 2549 veram
517 2515 724 2559 scripturam
759 2504 818 2551 eos
851 2518 950 2553 codd.
974 2519 1164 2561 praebere,
1197 2516 1258 2561 qui
1283 2517 1389 2551 verbo
1412 2518 1628 2552 substantivo

243 2588 386 2622 prorsus
409 2580 549 2618 carent,
587 2576 623 2609 in
654 2577 780 2619 quibus
812 2582 891 2612 sunt
912 2578 999 2614 Naz.
1034 2578 1114 2612 Sen.
1139 2579 1171 2612 1.
1202 2578 1284 2611 Bas.
1306 2577 1339 2610 1.
1365 2577 1453 2612 Tur.
1478 2578 1510 2612 1.
1532 2577 1630 2613 Leid.

245 2639 287 2672 L.
312 2637 425 2672 Paris.
448 2638 484 2671 b.
509 2649 540 2672 c.
565 2649 598 2671 x.
623 2650 654 2671 z.
681 2639 800 2671 Berol.
820 2639 851 2672 1.
877 2649 918 2673 ac
941 2638 1092 2672 sedecim
1116 2637 1190 2674 alii.
1226 2639 1378 2672 Temere
1400 2637 1503 2682 Bipp.
1527 2637 1633 2672 simul

249 2698 309 2734 abi
333 2709 375 2734 ex
408 2697 609 2733 coniectura
631 2698 834 2734 omiserunt.
858 2718 901 2724 --
937 2699 974 2733 N
983 2710 1064 2733 aue
1087 2701 1250 2743 fecerant
1272 2697 1309 2732 in
1331 2708 1463 2743 magna
1484 2697 1633 2743 scriptu-
