<?xml version="1.0" encoding="UTF-8"?>
<!DOCTYPE html PUBLIC "-//W3C//DTD XHTML 1.0 Transitional//EN"
    "http://www.w3.org/TR/xhtml1/DTD/xhtml1-transitional.dtd">
<html xmlns="http://www.w3.org/1999/xhtml" xml:lang="en" lang="en">
 <head>
  <title>
</title>
<meta http-equiv="Content-Type" content="text/html;charset=utf-8" />
  <meta name='ocr-system' content='tesseract 3.04.00' />
  <meta name='ocr-capabilities' content='ocr_page ocr_carea ocr_par ocr_line ocrx_word'/>
</head>
<body>
  <div class='ocr_page' id='page_1' title='image "./operaquaesupersu02salluoft_0710.png"; bbox 0 0 1716 2996; ppageno 0'>
   <div class='ocr_carea' id='block_1_1' title="bbox 264 114 1676 1666">
    <p class='ocr_par' dir='ltr' id='par_1_1' title="bbox 265 114 1060 158">
     <span class='ocr_line' id='line_1_1' title="bbox 265 114 1060 158; baseline -0.001 0"><span class='ocrx_word' id='word_1_1' title='bbox 265 115 326 158; x_wconf 83' lang='grc'><strong><em>80</em></strong></span> <span class='ocrx_word' id='word_1_2' title='bbox 885 114 1060 158; x_wconf 68' lang='lat' dir='ltr'>INDEX</span> 
     </span>
    </p>

    <p class='ocr_par' dir='ltr' id='par_1_2' title="bbox 264 219 1661 329">
     <span class='ocr_line' id='line_1_2' title="bbox 264 219 1661 277; baseline 0.006 -15"><span class='ocrx_word' id='word_1_3' title='bbox 264 219 434 274; x_wconf 72' lang='lat' dir='ltr'><strong><em>Supinum</em></strong></span> <span class='ocrx_word' id='word_1_4' title='bbox 457 224 495 260; x_wconf 78' lang='lat' dir='ltr'><strong><em>ln</em></strong></span> <span class='ocrx_word' id='word_1_5' title='bbox 517 237 588 261; x_wconf 85' lang='lat' dir='ltr'><strong><em>—u</em></strong></span> <span class='ocrx_word' id='word_1_6' title='bbox 609 225 728 262; x_wconf 82' lang='lat' dir='ltr'><strong>exiens</strong></span> <span class='ocrx_word' id='word_1_7' title='bbox 746 236 851 272; x_wconf 83' lang='lat' dir='ltr'><strong><em>saepe</em></strong></span> <span class='ocrx_word' id='word_1_8' title='bbox 871 236 942 263; x_wconf 86' lang='lat' dir='ltr'><strong><em>non</em></strong></span> <span class='ocrx_word' id='word_1_9' title='bbox 965 227 1163 277; x_wconf 74' lang='lat' dir='ltr'><strong><em>ablativus,</em></strong></span> <span class='ocrx_word' id='word_1_10' title='bbox 1196 229 1256 266; x_wconf 83' lang='lat' dir='ltr'><strong><em>setl</em></strong></span> <span class='ocrx_word' id='word_1_11' title='bbox 1278 230 1423 269; x_wconf 72' lang='lat' dir='ltr'><strong><em>dativus</em></strong></span> <span class='ocrx_word' id='word_1_12' title='bbox 1442 231 1518 276; x_wconf 66' lang='lat' dir='ltr'><strong><em>aa,</em></strong></span> <span class='ocrx_word' id='word_1_13' title='bbox 1545 231 1576 271; x_wconf 86' lang='lat'><strong>1.</strong></span> <span class='ocrx_word' id='word_1_14' title='bbox 1599 231 1661 277; x_wconf 84' lang='lat'><strong>91,</strong></span> 
     </span>
     <span class='ocr_line' id='line_1_3' title="bbox 354 283 558 329; baseline 0.01 -10"><span class='ocrx_word' id='word_1_15' title='bbox 354 284 392 321; x_wconf 92' lang='grc'><strong><em>7.</em></strong></span> <span class='ocrx_word' id='word_1_16' title='bbox 437 283 497 329; x_wconf 87' lang='grc'><strong><em>98,</em></strong></span> <span class='ocrx_word' id='word_1_17' title='bbox 520 283 558 321; x_wconf 83' lang='grc'><strong><em>7.</em></strong></span> 
     </span>
    </p>

    <p class='ocr_par' dir='ltr' id='par_1_3' title="bbox 265 341 1664 391">
     <span class='ocr_line' id='line_1_4' title="bbox 265 341 1664 391; baseline 0.003 -13"><span class='ocrx_word' id='word_1_18' title='bbox 265 343 437 388; x_wconf 85' lang='lat' dir='ltr'><strong><em>Supinum</em></strong></span> <span class='ocrx_word' id='word_1_19' title='bbox 459 343 498 377; x_wconf 86' lang='lat' dir='ltr'><strong><em>in</em></strong></span> <span class='ocrx_word' id='word_1_20' title='bbox 520 353 625 376; x_wconf 87' lang='lat' dir='ltr'><strong><em>—um</em></strong></span> <span class='ocrx_word' id='word_1_21' title='bbox 648 341 767 376; x_wconf 83' lang='lat' dir='ltr'><strong>exiens</strong></span> <span class='ocrx_word' id='word_1_22' title='bbox 791 353 874 377; x_wconf 88' lang='lat' dir='ltr'><strong><em>cnm</em></strong></span> <span class='ocrx_word' id='word_1_23' title='bbox 896 343 950 379; x_wconf 83' lang='lat' dir='ltr'><strong><em>ire</em></strong></span> <span class='ocrx_word' id='word_1_24' title='bbox 976 343 1220 388; x_wconf 87' lang='lat' dir='ltr'><strong><em>coniunctum,</em></strong></span> <span class='ocrx_word' id='word_1_25' title='bbox 1253 346 1293 380; x_wconf 82' lang='lat' dir='ltr'><strong>G.</strong></span> <span class='ocrx_word' id='word_1_26' title='bbox 1318 345 1383 391; x_wconf 85' lang='grc'><strong><em>36,</em></strong></span> <span class='ocrx_word' id='word_1_27' title='bbox 1406 343 1442 381; x_wconf 91' lang='grc'><strong><em>5.</em></strong></span> <span class='ocrx_word' id='word_1_28' title='bbox 1489 344 1521 380; x_wconf 87' lang='grc' dir='ltr'><strong><em>Ι.</em></strong></span> <span class='ocrx_word' id='word_1_29' title='bbox 1543 343 1605 390; x_wconf 74' lang='lat'><strong>68,</strong></span> <span class='ocrx_word' id='word_1_30' title='bbox 1625 346 1664 383; x_wconf 87' lang='lat'><strong>1.</strong></span> 
     </span>
    </p>

    <p class='ocr_par' dir='ltr' id='par_1_4' title="bbox 265 399 1645 451">
     <span class='ocr_line' id='line_1_5' title="bbox 265 399 1645 451; baseline 0.004 -17"><span class='ocrx_word' id='word_1_31' title='bbox 265 401 438 451; x_wconf 77' lang='lat' dir='ltr'><strong><em>Supinum</em></strong></span> <span class='ocrx_word' id='word_1_32' title='bbox 461 399 498 434; x_wconf 86' lang='lat' dir='ltr'><strong><em>in</em></strong></span> <span class='ocrx_word' id='word_1_33' title='bbox 519 411 626 434; x_wconf 87' lang='lat' dir='ltr'><strong><em>-um</em></strong></span> <span class='ocrx_word' id='word_1_34' title='bbox 650 399 767 434; x_wconf 82' lang='lat' dir='ltr'><strong>exiens</strong></span> <span class='ocrx_word' id='word_1_35' title='bbox 788 400 868 444; x_wconf 83' lang='lat' dir='ltr'><strong><em>loci,</em></strong></span> <span class='ocrx_word' id='word_1_36' title='bbox 891 413 960 436; x_wconf 84' lang='lat' dir='ltr'><strong><em>nou</em></strong></span> <span class='ocrx_word' id='word_1_37' title='bbox 986 402 1127 437; x_wconf 70' lang='lat' dir='ltr'><strong><em>consilii</em></strong></span> <span class='ocrx_word' id='word_1_38' title='bbox 1149 403 1223 438; x_wconf 82' lang='lat' dir='ltr'><strong><em>vim</em></strong></span> <span class='ocrx_word' id='word_1_39' title='bbox 1246 403 1363 444; x_wconf 82' lang='lat' dir='ltr'><strong>habet,</strong></span> <span class='ocrx_word' id='word_1_40' title='bbox 1387 404 1415 439; x_wconf 93' lang='lat'><strong>1.</strong></span> <span class='ocrx_word' id='word_1_41' title='bbox 1438 403 1522 446; x_wconf 87' lang='grc'><strong>102,</strong></span> <span class='ocrx_word' id='word_1_42' title='bbox 1546 404 1605 439; x_wconf 98' lang='grc'><strong><em>12.</em></strong></span> <span class='ocrx_word' id='word_1_43' title='bbox 1643 415 1645 418; x_wconf 78' lang='grc'>’</span> 
     </span>
    </p>

    <p class='ocr_par' dir='ltr' id='par_1_5' title="bbox 266 455 1675 558">
     <span class='ocr_line' id='line_1_6' title="bbox 266 455 1675 508; baseline 0.004 -15"><span class='ocrx_word' id='word_1_44' title='bbox 266 459 474 504; x_wconf 82' lang='lat' dir='ltr'><strong><em>Supplenda</em></strong></span> <span class='ocrx_word' id='word_1_45' title='bbox 496 455 624 501; x_wconf 72' lang='lat' dir='ltr'><strong>ver&#39;ba,</strong></span> <span class='ocrx_word' id='word_1_46' title='bbox 639 469 691 492; x_wconf 83' lang='lat' dir='ltr'><strong><em>ex</em></strong></span> <span class='ocrx_word' id='word_1_47' title='bbox 714 459 1003 503; x_wconf 76' lang='lat' dir='ltr'>praecedentibus</span> <span class='ocrx_word' id='word_1_48' title='bbox 1025 462 1234 506; x_wconf 82' lang='lat' dir='ltr'><strong>repetenda,</strong></span> <span class='ocrx_word' id='word_1_49' title='bbox 1266 462 1306 497; x_wconf 87' lang='lat' dir='ltr'><strong>C.</strong></span> <span class='ocrx_word' id='word_1_50' title='bbox 1330 461 1374 506; x_wconf 91' lang='grc'><strong><em>3,</em></strong></span> <span class='ocrx_word' id='word_1_51' title='bbox 1404 461 1442 497; x_wconf 89' lang='grc'><strong><em>2.</em></strong></span> <span class='ocrx_word' id='word_1_52' title='bbox 1488 462 1516 497; x_wconf 91' lang='grc' dir='ltr'><strong><em>Ι.</em></strong></span> <span class='ocrx_word' id='word_1_53' title='bbox 1540 461 1613 508; x_wconf 88' lang='grc'><strong><em>75,</em></strong></span> <span class='ocrx_word' id='word_1_54' title='bbox 1635 462 1675 498; x_wconf 86' lang='grc'><strong><em>7.</em></strong></span> 
     </span>
     <span class='ocr_line' id='line_1_7' title="bbox 365 514 1582 558; baseline 0.001 -7"><span class='ocrx_word' id='word_1_55' title='bbox 365 514 424 558; x_wconf 97' lang='grc'><strong><em>85,</em></strong></span> <span class='ocrx_word' id='word_1_56' title='bbox 448 514 507 550; x_wconf 83' lang='grc'><strong><em>38.</em></strong></span> <span class='ocrx_word' id='word_1_57' title='bbox 1579 543 1582 544; x_wconf 27' lang='lat'><em>⁷</em></span> 
     </span>
    </p>

    <p class='ocr_par' dir='ltr' id='par_1_6' title="bbox 271 572 1676 678">
     <span class='ocr_line' id='line_1_8' title="bbox 271 572 1676 629; baseline 0.004 -22"><span class='ocrx_word' id='word_1_58' title='bbox 271 574 496 629; x_wconf 65' lang='lat' dir='ltr'><strong><em>Suppiendns</em></strong></span> <span class='ocrx_word' id='word_1_59' title='bbox 527 572 686 608; x_wconf 76' lang='lat' dir='ltr'><strong><em>eiusdem</em></strong></span> <span class='ocrx_word' id='word_1_60' title='bbox 714 574 881 610; x_wconf 77' lang='lat' dir='ltr'><strong><em>vocabuli</em></strong></span> <span class='ocrx_word' id='word_1_61' title='bbox 915 575 1007 611; x_wconf 76' lang='lat' dir='ltr'><strong><em>alius</em></strong></span> <span class='ocrx_word' id='word_1_62' title='bbox 1039 587 1160 622; x_wconf 78' lang='lat' dir='ltr'><strong><em>casus,</em></strong></span> <span class='ocrx_word' id='word_1_63' title='bbox 1194 588 1238 612; x_wconf 86' lang='lat' dir='ltr'><strong><em>ex</em></strong></span> <span class='ocrx_word' id='word_1_64' title='bbox 1259 575 1484 622; x_wconf 83' lang='lat' dir='ltr'><strong><em>sequentibus</em></strong></span> <span class='ocrx_word' id='word_1_65' title='bbox 1507 576 1554 612; x_wconf 82' lang='lat' dir='ltr'><strong><em>ad</em></strong></span> <span class='ocrx_word' id='word_1_66' title='bbox 1576 580 1676 613; x_wconf 88' lang='lat' dir='ltr'><strong>ante-</strong></span> 
     </span>
     <span class='ocr_line' id='line_1_9' title="bbox 366 632 939 678; baseline 0.003 -12"><span class='ocrx_word' id='word_1_67' title='bbox 366 643 492 678; x_wconf 77' lang='lat' dir='ltr'>gressa</span> <span class='ocrx_word' id='word_1_68' title='bbox 514 632 718 675; x_wconf 82' lang='lat' dir='ltr'><strong><em>trahendus‚</em></strong></span> <span class='ocrx_word' id='word_1_69' title='bbox 740 632 782 669; x_wconf 79' lang='lat' dir='ltr'><strong>G.</strong></span> <span class='ocrx_word' id='word_1_70' title='bbox 806 633 866 676; x_wconf 78' lang='lat'><strong><em>51,</em></strong></span> <span class='ocrx_word' id='word_1_71' title='bbox 880 632 939 668; x_wconf 82' lang='lat'><strong>38.</strong></span> 
     </span>
    </p>

    <p class='ocr_par' dir='ltr' id='par_1_7' title="bbox 272 685 1676 793">
     <span class='ocr_line' id='line_1_10' title="bbox 272 685 1676 737; baseline 0.002 -10"><span class='ocrx_word' id='word_1_72' title='bbox 272 691 497 737; x_wconf 73' lang='lat' dir='ltr'><strong><em>Supplendus</em></strong></span> <span class='ocrx_word' id='word_1_73' title='bbox 518 689 677 724; x_wconf 86' lang='lat' dir='ltr'><strong><em>eiusdem</em></strong></span> <span class='ocrx_word' id='word_1_74' title='bbox 700 691 867 726; x_wconf 83' lang='lat' dir='ltr'>vocabuli</span> <span class='ocrx_word' id='word_1_75' title='bbox 899 692 990 727; x_wconf 79' lang='lat' dir='ltr'><strong><em>alius</em></strong></span> <span class='ocrx_word' id='word_1_76' title='bbox 1021 685 1122 728; x_wconf 74' lang='lat' dir='ltr'><strong><em>casus</em></strong></span> <span class='ocrx_word' id='word_1_77' title='bbox 1153 691 1200 729; x_wconf 82' lang='lat' dir='ltr'><strong><em>ad</em></strong></span> <span class='ocrx_word' id='word_1_78' title='bbox 1222 692 1371 729; x_wconf 71' lang='lat' dir='ltr'><strong>verbum</strong></span> <span class='ocrx_word' id='word_1_79' title='bbox 1401 691 1562 730; x_wconf 63' lang='grc' dir='ltr'><strong><em>ἂνω-σεο</em></strong></span> <span class='ocrx_word' id='word_1_80' title='bbox 1582 694 1676 730; x_wconf 74' lang='lat' dir='ltr'><strong><em>stru-</em></strong></span> 
     </span>
     <span class='ocr_line' id='line_1_11' title="bbox 365 746 1117 793; baseline 0.003 -10"><span class='ocrx_word' id='word_1_81' title='bbox 365 752 498 792; x_wconf 82' lang='lat' dir='ltr'><strong><em>cturae,</em></strong></span> <span class='ocrx_word' id='word_1_82' title='bbox 522 749 563 783; x_wconf 88' lang='lat' dir='ltr'><strong>C.</strong></span> <span class='ocrx_word' id='word_1_83' title='bbox 587 747 646 790; x_wconf 87' lang='grc'><strong><em>13,</em></strong></span> <span class='ocrx_word' id='word_1_84' title='bbox 669 746 703 783; x_wconf 93' lang='grc'><strong><em>2.</em></strong></span> <span class='ocrx_word' id='word_1_85' title='bbox 752 748 780 783; x_wconf 91' lang='grc' dir='ltr'><strong><em>Ι.</em></strong></span> <span class='ocrx_word' id='word_1_86' title='bbox 805 746 864 792; x_wconf 67' lang='grc'><strong>51»,</strong></span> <span class='ocrx_word' id='word_1_87' title='bbox 889 749 923 784; x_wconf 92' lang='grc'><strong><em>1.</em></strong></span> <span class='ocrx_word' id='word_1_88' title='bbox 970 749 1052 793; x_wconf 87' lang='grc'>110,</span> <span class='ocrx_word' id='word_1_89' title='bbox 1080 748 1117 785; x_wconf 87' lang='grc'><strong><em>4.</em></strong></span> 
     </span>
    </p>

    <p class='ocr_par' dir='ltr' id='par_1_8' title="bbox 272 804 1142 853">
     <span class='ocr_line' id='line_1_12' title="bbox 272 804 1142 853; baseline 0.001 -11"><span class='ocrx_word' id='word_1_90' title='bbox 272 807 459 853; x_wconf 76' lang='lat' dir='ltr'><strong><em>Supplicia</em></strong></span> <span class='ocrx_word' id='word_1_91' title='bbox 483 806 508 841; x_wconf 91' lang='lat' dir='ltr'><strong><em>i.</em></strong></span> <span class='ocrx_word' id='word_1_92' title='bbox 525 817 559 851; x_wconf 82' lang='lat' dir='ltr'><strong>q.</strong></span> <span class='ocrx_word' id='word_1_93' title='bbox 584 804 742 842; x_wconf 80' lang='lat' dir='ltr'><strong><em>intentae</em></strong></span> <span class='ocrx_word' id='word_1_94' title='bbox 766 818 902 851; x_wconf 79' lang='lat' dir='ltr'><strong><em>preces,</em></strong></span> <span class='ocrx_word' id='word_1_95' title='bbox 923 808 953 842; x_wconf 75' lang='lat' dir='ltr'><strong>r.</strong></span> <span class='ocrx_word' id='word_1_96' title='bbox 980 807 1039 843; x_wconf 97' lang='grc'><strong><em>70.</em></strong></span> <span class='ocrx_word' id='word_1_97' title='bbox 1138 847 1142 850; x_wconf 24' lang='lat'><em>⁷</em></span> 
     </span>
    </p>

    <p class='ocr_par' dir='ltr' id='par_1_9' title="bbox 269 862 1072 911">
     <span class='ocr_line' id='line_1_13' title="bbox 269 862 1072 911; baseline 0 -11"><span class='ocrx_word' id='word_1_98' title='bbox 269 865 456 911; x_wconf 83' lang='lat' dir='ltr'><strong><em>Supplicia</em></strong></span> <span class='ocrx_word' id='word_1_99' title='bbox 479 863 504 901; x_wconf 90' lang='lat' dir='ltr'><strong><em>i.</em></strong></span> <span class='ocrx_word' id='word_1_100' title='bbox 530 875 564 908; x_wconf 84' lang='lat' dir='ltr'><strong>q.</strong></span> <span class='ocrx_word' id='word_1_101' title='bbox 589 864 876 909; x_wconf 85' lang='lat' dir='ltr'><strong><em>supplicationes,</em></strong></span> <span class='ocrx_word' id='word_1_102' title='bbox 899 864 928 899; x_wconf 89' lang='lat'><strong>1.</strong></span> <span class='ocrx_word' id='word_1_103' title='bbox 953 862 1014 907; x_wconf 84' lang='lat'><strong><em>55,</em></strong></span> <span class='ocrx_word' id='word_1_104' title='bbox 1035 864 1072 900; x_wconf 82' lang='lat'><strong>2.</strong></span> 
     </span>
    </p>

    <p class='ocr_par' dir='ltr' id='par_1_10' title="bbox 268 920 1158 968">
     <span class='ocr_line' id='line_1_14' title="bbox 268 920 1158 968; baseline 0.001 -10"><span class='ocrx_word' id='word_1_105' title='bbox 268 923 391 968; x_wconf 87' lang='lat' dir='ltr'><strong><em>Supra</em></strong></span> <span class='ocrx_word' id='word_1_106' title='bbox 415 921 576 958; x_wconf 85' lang='lat' dir='ltr'><strong><em>adverbii</em></strong></span> <span class='ocrx_word' id='word_1_107' title='bbox 599 926 771 966; x_wconf 76' lang='lat' dir='ltr'><strong>potestate</strong></span> <span class='ocrx_word' id='word_1_108' title='bbox 795 923 959 968; x_wconf 84' lang='lat' dir='ltr'><strong><em>positum,</em></strong></span> <span class='ocrx_word' id='word_1_109' title='bbox 985 923 1014 960; x_wconf 92' lang='lat'><strong>1.</strong></span> <span class='ocrx_word' id='word_1_110' title='bbox 1039 921 1100 968; x_wconf 76' lang='lat'><strong><em>24,</em></strong></span> <span class='ocrx_word' id='word_1_111' title='bbox 1122 920 1158 959; x_wconf 83' lang='lat'><strong><em>5.</em></strong></span> 
     </span>
    </p>

    <p class='ocr_par' dir='ltr' id='par_1_11' title="bbox 267 978 903 1027">
     <span class='ocr_line' id='line_1_15' title="bbox 267 978 903 1027; baseline -0.003 -10"><span class='ocrx_word' id='word_1_112' title='bbox 267 981 390 1027; x_wconf 78' lang='lat' dir='ltr'><strong><em>supra</em></strong></span> <span class='ocrx_word' id='word_1_113' title='bbox 412 986 569 1026; x_wconf 83' lang='lat' dir='ltr'><strong>repetere</strong></span> <span class='ocrx_word' id='word_1_114' title='bbox 592 980 731 1024; x_wconf 63' lang='lat' dir='ltr'><strong><em>explics,</em></strong></span> <span class='ocrx_word' id='word_1_115' title='bbox 754 980 795 1016; x_wconf 87' lang='grc' dir='ltr'><strong><em>Ι.·</em></strong></span> <span class='ocrx_word' id='word_1_116' title='bbox 809 978 844 1020; x_wconf 97' lang='grc'><strong><em>5,</em></strong></span> <span class='ocrx_word' id='word_1_117' title='bbox 868 980 903 1015; x_wconf 86' lang='grc'><strong><em>3.</em></strong></span> 
     </span>
    </p>

    <p class='ocr_par' dir='ltr' id='par_1_12' title="bbox 267 1036 866 1084">
     <span class='ocr_line' id='line_1_16' title="bbox 267 1036 866 1084; baseline -0.002 -11"><span class='ocrx_word' id='word_1_118' title='bbox 267 1039 393 1084; x_wconf 73' lang='lat' dir='ltr'><strong><em>Supra</em></strong></span> <span class='ocrx_word' id='word_1_119' title='bbox 415 1043 522 1084; x_wconf 80' lang='lat' dir='ltr'><strong><em>caput</em></strong></span> <span class='ocrx_word' id='word_1_120' title='bbox 550 1050 633 1082; x_wconf 74' lang='lat' dir='ltr'><strong>esse,</strong></span> <span class='ocrx_word' id='word_1_121' title='bbox 657 1039 697 1074; x_wconf 80' lang='lat' dir='ltr'><strong>G.</strong></span> <span class='ocrx_word' id='word_1_122' title='bbox 722 1036 783 1082; x_wconf 84' lang='grc'><strong><em>52,</em></strong></span> <span class='ocrx_word' id='word_1_123' title='bbox 807 1037 866 1073; x_wconf 83' lang='lat'><strong><em>24.</em></strong></span> 
     </span>
    </p>

    <p class='ocr_par' dir='ltr' id='par_1_13' title="bbox 272 1095 1170 1148">
     <span class='ocr_line' id='line_1_17' title="bbox 272 1095 1170 1148; baseline 0 -16"><span class='ocrx_word' id='word_1_124' title='bbox 272 1097 484 1142; x_wconf 81' lang='lat' dir='ltr'><strong><em>Suspectare</em></strong></span> <span class='ocrx_word' id='word_1_125' title='bbox 505 1095 529 1132; x_wconf 90' lang='lat' dir='ltr'><strong><em>i.</em></strong></span> <span class='ocrx_word' id='word_1_126' title='bbox 546 1108 581 1141; x_wconf 83' lang='lat' dir='ltr'><strong>q.</strong></span> <span class='ocrx_word' id='word_1_127' title='bbox 604 1100 807 1141; x_wconf 85' lang='lat' dir='ltr'><strong><em>suspectum</em></strong></span> <span class='ocrx_word' id='word_1_128' title='bbox 831 1097 978 1148; x_wconf 47' lang='lat' dir='ltr'><strong>liabere,</strong></span> <span class='ocrx_word' id='word_1_129' title='bbox 1003 1096 1033 1132; x_wconf 91' lang='grc' dir='ltr'><strong><em>Ι.</em></strong></span> <span class='ocrx_word' id='word_1_130' title='bbox 1056 1095 1116 1140; x_wconf 92' lang='grc'><strong><em>70,</em></strong></span> <span class='ocrx_word' id='word_1_131' title='bbox 1135 1097 1170 1132; x_wconf 92' lang='lat' dir='ltr'><strong><em>l.</em></strong></span> 
     </span>
    </p>

    <p class='ocr_par' dir='ltr' id='par_1_14' title="bbox 272 1153 1210 1201">
     <span class='ocr_line' id='line_1_18' title="bbox 272 1153 1210 1201; baseline 0.002 -13"><span class='ocrx_word' id='word_1_132' title='bbox 272 1154 456 1200; x_wconf 79' lang='lat' dir='ltr'><strong><em>Suspicere</em></strong></span> <span class='ocrx_word' id='word_1_133' title='bbox 476 1153 502 1189; x_wconf 90' lang='lat' dir='ltr'><strong><em>i.</em></strong></span> <span class='ocrx_word' id='word_1_134' title='bbox 529 1165 563 1198; x_wconf 88' lang='lat' dir='ltr'><strong><em>q.</em></strong></span> <span class='ocrx_word' id='word_1_135' title='bbox 587 1154 624 1188; x_wconf 91' lang='lat' dir='ltr'><strong><em>in</em></strong></span> <span class='ocrx_word' id='word_1_136' title='bbox 647 1154 847 1200; x_wconf 72' lang='lat' dir='ltr'><strong><em>suspicione</em></strong></span> <span class='ocrx_word' id='word_1_137' title='bbox 868 1156 1014 1201; x_wconf 82' lang='lat' dir='ltr'><strong>habere,</strong></span> <span class='ocrx_word' id='word_1_138' title='bbox 1042 1156 1071 1191; x_wconf 88' lang='grc' dir='ltr'><strong><em>Ι.</em></strong></span> <span class='ocrx_word' id='word_1_139' title='bbox 1095 1155 1156 1199; x_wconf 90' lang='grc'><strong><em>70,</em></strong></span> <span class='ocrx_word' id='word_1_140' title='bbox 1174 1154 1210 1191; x_wconf 90' lang='grc'><strong><em>1.</em></strong></span> 
     </span>
    </p>

    <p class='ocr_par' dir='ltr' id='par_1_15' title="bbox 272 1212 1212 1257">
     <span class='ocr_line' id='line_1_19' title="bbox 272 1212 1212 1257; baseline 0 -9"><span class='ocrx_word' id='word_1_141' title='bbox 272 1212 452 1248; x_wconf 73' lang='lat' dir='ltr'><strong><em>sustinere</em></strong></span> <span class='ocrx_word' id='word_1_142' title='bbox 475 1212 612 1257; x_wconf 85' lang='lat' dir='ltr'><strong><em>aliquid</em></strong></span> <span class='ocrx_word' id='word_1_143' title='bbox 636 1213 778 1256; x_wconf 88' lang='lat' dir='ltr'><strong><em>explic.,</em></strong></span> <span class='ocrx_word' id='word_1_144' title='bbox 803 1215 840 1248; x_wconf 89' lang='lat' dir='ltr'><strong>C.</strong></span> <span class='ocrx_word' id='word_1_145' title='bbox 867 1212 925 1255; x_wconf 81' lang='grc'><strong><em>53,</em></strong></span> <span class='ocrx_word' id='word_1_146' title='bbox 951 1214 986 1248; x_wconf 91' lang='grc'><strong><em>2.</em></strong></span> <span class='ocrx_word' id='word_1_147' title='bbox 1033 1214 1062 1249; x_wconf 91' lang='grc' dir='ltr'><strong><em>Ι.</em></strong></span> <span class='ocrx_word' id='word_1_148' title='bbox 1087 1213 1145 1257; x_wconf 82' lang='grc'><strong><em>14,</em></strong></span> <span class='ocrx_word' id='word_1_149' title='bbox 1174 1213 1212 1248; x_wconf 89' lang='grc'><strong><em>2.</em></strong></span> 
     </span>
    </p>

    <p class='ocr_par' dir='ltr' id='par_1_16' title="bbox 270 1268 1537 1316">
     <span class='ocr_line' id='line_1_20' title="bbox 270 1268 1537 1316; baseline 0.002 -11"><span class='ocrx_word' id='word_1_150' title='bbox 270 1271 363 1306; x_wconf 72' lang='lat' dir='ltr'><strong><em>Suus</em></strong></span> <span class='ocrx_word' id='word_1_151' title='bbox 383 1269 522 1315; x_wconf 78' lang='lat' dir='ltr'><strong><em>passive</em></strong></span> <span class='ocrx_word' id='word_1_152' title='bbox 543 1281 611 1315; x_wconf 87' lang='lat' dir='ltr'><strong><em>pro</em></strong></span> <span class='ocrx_word' id='word_1_153' title='bbox 633 1269 792 1315; x_wconf 81' lang='lat' dir='ltr'><strong><em>genitivo</em></strong></span> <span class='ocrx_word' id='word_1_154' title='bbox 815 1271 990 1306; x_wconf 80' lang='lat' dir='ltr'><strong><em>obiectivo</em></strong></span> <span class='ocrx_word' id='word_1_155' title='bbox 1014 1273 1079 1314; x_wconf 85' lang='lat' dir='ltr'><strong><em>sui,</em></strong></span> <span class='ocrx_word' id='word_1_156' title='bbox 1105 1273 1144 1306; x_wconf 85' lang='lat' dir='ltr'><strong>C.</strong></span> <span class='ocrx_word' id='word_1_157' title='bbox 1168 1270 1227 1313; x_wconf 84' lang='lat'><strong>51,</strong></span> <span class='ocrx_word' id='word_1_158' title='bbox 1258 1269 1317 1306; x_wconf 91' lang='lat'><strong>11.</strong></span> <span class='ocrx_word' id='word_1_159' title='bbox 1363 1270 1394 1305; x_wconf 87' lang='lat'><strong>1.</strong></span> <span class='ocrx_word' id='word_1_160' title='bbox 1416 1268 1477 1316; x_wconf 89' lang='grc'><strong><em>20,</em></strong></span> <span class='ocrx_word' id='word_1_161' title='bbox 1499 1269 1537 1307; x_wconf 77' lang='grc'><strong><em>4.</em></strong></span> 
     </span>
    </p>

    <p class='ocr_par' dir='ltr' id='par_1_17' title="bbox 270 1327 1248 1374">
     <span class='ocr_line' id='line_1_21' title="bbox 270 1327 1248 1374; baseline -0.001 -10"><span class='ocrx_word' id='word_1_162' title='bbox 270 1330 363 1364; x_wconf 83' lang='lat' dir='ltr'><strong><em>Suus</em></strong></span> <span class='ocrx_word' id='word_1_163' title='bbox 385 1328 566 1374; x_wconf 84' lang='lat' dir='ltr'><strong><em>oppositus</em></strong></span> <span class='ocrx_word' id='word_1_164' title='bbox 590 1328 707 1362; x_wconf 82' lang='lat' dir='ltr'><strong><em>alieno</em></strong></span> <span class='ocrx_word' id='word_1_165' title='bbox 728 1327 753 1361; x_wconf 88' lang='lat' dir='ltr'><strong><em>i.</em></strong></span> <span class='ocrx_word' id='word_1_166' title='bbox 778 1338 813 1372; x_wconf 87' lang='lat' dir='ltr'><strong><em>q.</em></strong></span> <span class='ocrx_word' id='word_1_167' title='bbox 839 1330 1049 1373; x_wconf 80' lang='lat' dir='ltr'><strong><em>commodus,</em></strong></span> <span class='ocrx_word' id='word_1_168' title='bbox 1079 1329 1117 1365; x_wconf 89' lang='grc' dir='ltr'><strong><em>Ι.·</em></strong></span> <span class='ocrx_word' id='word_1_169' title='bbox 1132 1327 1190 1372; x_wconf 88' lang='grc'><strong><em>54,</em></strong></span> <span class='ocrx_word' id='word_1_170' title='bbox 1215 1327 1248 1366; x_wconf 89' lang='grc'><strong><em>8.</em></strong></span> 
     </span>
    </p>

    <p class='ocr_par' dir='ltr' id='par_1_18' title="bbox 272 1383 1569 1433">
     <span class='ocr_line' id='line_1_22' title="bbox 272 1383 1569 1433; baseline -0.002 -11"><span class='ocrx_word' id='word_1_171' title='bbox 272 1388 432 1433; x_wconf 78' lang='lat' dir='ltr'><strong><em>Syncope</em></strong></span> <span class='ocrx_word' id='word_1_172' title='bbox 453 1400 478 1422; x_wconf 87' lang='lat' dir='ltr'><strong><em>u</em></strong></span> <span class='ocrx_word' id='word_1_173' title='bbox 502 1387 645 1421; x_wconf 79' lang='lat' dir='ltr'><strong><em>litterae</em></strong></span> <span class='ocrx_word' id='word_1_174' title='bbox 667 1384 705 1419; x_wconf 89' lang='lat' dir='ltr'><strong><em>in</em></strong></span> <span class='ocrx_word' id='word_1_175' title='bbox 725 1386 919 1431; x_wconf 82' lang='lat' dir='ltr'><strong><em>periculum</em></strong></span> <span class='ocrx_word' id='word_1_176' title='bbox 942 1390 978 1420; x_wconf 88' lang='lat' dir='ltr'><strong><em>et</em></strong></span> <span class='ocrx_word' id='word_1_177' title='bbox 1000 1387 1210 1431; x_wconf 78' lang='lat' dir='ltr'><strong><em>manipulus,</em></strong></span> <span class='ocrx_word' id='word_1_178' title='bbox 1233 1385 1264 1420; x_wconf 93' lang='lat'><strong>1.</strong></span> <span class='ocrx_word' id='word_1_179' title='bbox 1286 1384 1322 1427; x_wconf 87' lang='grc'><strong><em>7,</em></strong></span> <span class='ocrx_word' id='word_1_180' title='bbox 1345 1384 1381 1420; x_wconf 90' lang='lat'><strong>1.</strong></span> <span class='ocrx_word' id='word_1_181' title='bbox 1427 1383 1510 1427; x_wconf 89' lang='grc'><strong>100,</strong></span> <span class='ocrx_word' id='word_1_182' title='bbox 1531 1383 1569 1420; x_wconf 87' lang='grc'><strong><em>2.</em></strong></span> 
     </span>
    </p>

    <p class='ocr_par' dir='ltr' id='par_1_19' title="bbox 274 1441 1536 1490">
     <span class='ocr_line' id='line_1_23' title="bbox 274 1441 1536 1490; baseline -0.003 -10"><span class='ocrx_word' id='word_1_183' title='bbox 274 1445 428 1490; x_wconf 74' lang='lat' dir='ltr'><strong><em>synesis,</em></strong></span> <span class='ocrx_word' id='word_1_184' title='bbox 453 1445 493 1480; x_wconf 85' lang='lat' dir='ltr'><strong>C.</strong></span> <span class='ocrx_word' id='word_1_185' title='bbox 515 1443 577 1487; x_wconf 81' lang='grc'><strong><em>39,</em></strong></span> <span class='ocrx_word' id='word_1_186' title='bbox 598 1443 634 1479; x_wconf 81' lang='grc'><strong><em>3.</em></strong></span> <span class='ocrx_word' id='word_1_187' title='bbox 681 1443 741 1487; x_wconf 89' lang='grc'><strong><em>48,</em></strong></span> <span class='ocrx_word' id='word_1_188' title='bbox 765 1443 800 1481; x_wconf 92' lang='lat' dir='ltr'><strong><em>l.</em></strong></span> <span class='ocrx_word' id='word_1_189' title='bbox 846 1443 878 1477; x_wconf 79' lang='grc' dir='ltr'><strong><em>Ι.</em></strong></span> <span class='ocrx_word' id='word_1_190' title='bbox 902 1441 960 1484; x_wconf 87' lang='grc'><strong><em>15,</em></strong></span> <span class='ocrx_word' id='word_1_191' title='bbox 983 1443 1018 1478; x_wconf 91' lang='grc'><strong><em>1.</em></strong></span> <span class='ocrx_word' id='word_1_192' title='bbox 1066 1442 1125 1488; x_wconf 87' lang='grc'><strong><em>18,</em></strong></span> <span class='ocrx_word' id='word_1_193' title='bbox 1148 1443 1207 1480; x_wconf 95' lang='grc'><strong>10.</strong></span> <span class='ocrx_word' id='word_1_194' title='bbox 1253 1441 1313 1489; x_wconf 84' lang='grc'><strong><em>28,</em></strong></span> <span class='ocrx_word' id='word_1_195' title='bbox 1334 1442 1370 1478; x_wconf 88' lang='grc'><strong><em>2.</em></strong></span> <span class='ocrx_word' id='word_1_196' title='bbox 1415 1441 1476 1487; x_wconf 89' lang='grc'><strong><em>77,</em></strong></span> <span class='ocrx_word' id='word_1_197' title='bbox 1499 1441 1536 1477; x_wconf 92' lang='grc'><strong><em>1.</em></strong></span> 
     </span>
    </p>

    <p class='ocr_par' dir='ltr' id='par_1_20' title="bbox 275 1499 1016 1548">
     <span class='ocr_line' id='line_1_24' title="bbox 275 1499 1016 1548; baseline -0.001 -11"><span class='ocrx_word' id='word_1_198' title='bbox 275 1503 417 1548; x_wconf 77' lang='lat' dir='ltr'><strong><em>Synesis</em></strong></span> <span class='ocrx_word' id='word_1_199' title='bbox 440 1502 504 1537; x_wconf 91' lang='lat' dir='ltr'><strong><em>ubi</em></strong></span> <span class='ocrx_word' id='word_1_200' title='bbox 526 1513 596 1537; x_wconf 87' lang='lat' dir='ltr'><strong><em>uon</em></strong></span> <span class='ocrx_word' id='word_1_201' title='bbox 623 1501 821 1547; x_wconf 77' lang='lat' dir='ltr'><strong><em>statuenda,</em></strong></span> <span class='ocrx_word' id='word_1_202' title='bbox 844 1501 873 1538; x_wconf 88' lang='lat'><strong>1.</strong></span> <span class='ocrx_word' id='word_1_203' title='bbox 897 1500 957 1546; x_wconf 83' lang='grc'><strong><em>66,</em></strong></span> <span class='ocrx_word' id='word_1_204' title='bbox 979 1499 1016 1536; x_wconf 90' lang='grc'><strong><em>2.</em></strong></span> 
     </span>
    </p>

    <p class='ocr_par' dir='ltr' id='par_1_21' title="bbox 274 1559 748 1606">
     <span class='ocr_line' id='line_1_25' title="bbox 274 1559 748 1606; baseline -0.002 -11"><span class='ocrx_word' id='word_1_205' title='bbox 274 1561 433 1606; x_wconf 76' lang='lat' dir='ltr'><strong><em>Syrtium</em></strong></span> <span class='ocrx_word' id='word_1_206' title='bbox 455 1561 554 1604; x_wconf 72' lang='lat' dir='ltr'><strong><em>situs,</em></strong></span> <span class='ocrx_word' id='word_1_207' title='bbox 576 1562 605 1596; x_wconf 92' lang='grc' dir='ltr'><strong><em>Ι.</em></strong></span> <span class='ocrx_word' id='word_1_208' title='bbox 629 1559 688 1604; x_wconf 90' lang='grc'><strong><em>19,</em></strong></span> <span class='ocrx_word' id='word_1_209' title='bbox 711 1559 748 1595; x_wconf 91' lang='grc'><strong><em>3.</em></strong></span> 
     </span>
    </p>

    <p class='ocr_par' dir='ltr' id='par_1_22' title="bbox 277 1617 786 1666">
     <span class='ocr_line' id='line_1_26' title="bbox 277 1617 786 1666; baseline -0.002 -11"><span class='ocrx_word' id='word_1_210' title='bbox 277 1619 434 1666; x_wconf 78' lang='lat' dir='ltr'><strong><em>Syrtium</em></strong></span> <span class='ocrx_word' id='word_1_211' title='bbox 456 1624 602 1665; x_wconf 84' lang='lat' dir='ltr'><strong><em>natura,</em></strong></span> <span class='ocrx_word' id='word_1_212' title='bbox 625 1619 654 1655; x_wconf 90' lang='grc' dir='ltr'><strong><em>Ι.</em></strong></span> <span class='ocrx_word' id='word_1_213' title='bbox 669 1617 729 1666; x_wconf 86' lang='grc'><strong><em>78,</em></strong></span> <span class='ocrx_word' id='word_1_214' title='bbox 750 1617 786 1654; x_wconf 89' lang='lat'><strong>1.</strong></span> 
     </span>
    </p>
   </div>
   <div class='ocr_carea' id='block_1_2' title="bbox 957 1758 1017 1808">
    <p class='ocr_par' dir='ltr' id='par_1_23' title="bbox 957 1758 1017 1808">
     <span class='ocr_line' id='line_1_27' title="bbox 957 1758 1017 1808; baseline 0.033 -2"><span class='ocrx_word' id='word_1_215' title='bbox 957 1758 1017 1808; x_wconf 89' lang='lat' dir='ltr'><strong><em>T.</em></strong></span> 
     </span>
    </p>
   </div>
   <div class='ocr_carea' id='block_1_3' title="bbox 278 1844 1677 2709">
    <p class='ocr_par' dir='ltr' id='par_1_24' title="bbox 280 1844 1187 1894">
     <span class='ocr_line' id='line_1_28' title="bbox 280 1844 1187 1894; baseline -0.002 -10"><span class='ocrx_word' id='word_1_216' title='bbox 280 1849 469 1885; x_wconf 78' lang='lat' dir='ltr'><strong>Tabescere</strong></span> <span class='ocrx_word' id='word_1_217' title='bbox 490 1848 572 1894; x_wconf 84' lang='lat' dir='ltr'><strong>i..q.</strong></span> <span class='ocrx_word' id='word_1_218' title='bbox 596 1848 788 1893; x_wconf 77' lang='lat' dir='ltr'><strong><em>paullatim</em></strong></span> <span class='ocrx_word' id='word_1_219' title='bbox 810 1847 967 1892; x_wconf 83' lang='lat' dir='ltr'><strong>interire,</strong></span> <span class='ocrx_word' id='word_1_220' title='bbox 991 1847 1022 1883; x_wconf 90' lang='grc' dir='ltr'><strong><em>Ι.</em></strong></span> <span class='ocrx_word' id='word_1_221' title='bbox 1046 1846 1104 1890; x_wconf 88' lang='grc'><strong><em>14,</em></strong></span> <span class='ocrx_word' id='word_1_222' title='bbox 1127 1844 1187 1882; x_wconf 85' lang='grc'><strong><em>25.</em></strong></span> 
     </span>
    </p>

    <p class='ocr_par' dir='ltr' id='par_1_25' title="bbox 281 1906 1074 1952">
     <span class='ocr_line' id='line_1_29' title="bbox 281 1906 1074 1952; baseline 0 -11"><span class='ocrx_word' id='word_1_223' title='bbox 281 1906 413 1943; x_wconf 78' lang='lat' dir='ltr'><strong><em>Tacere</em></strong></span> <span class='ocrx_word' id='word_1_224' title='bbox 436 1907 520 1952; x_wconf 81' lang='lat' dir='ltr'><strong><em>quid</em></strong></span> <span class='ocrx_word' id='word_1_225' title='bbox 549 1907 693 1942; x_wconf 77' lang='lat' dir='ltr'><strong>differat</strong></span> <span class='ocrx_word' id='word_1_226' title='bbox 719 1919 742 1943; x_wconf 90' lang='lat' dir='ltr'><strong><em>a</em></strong></span> <span class='ocrx_word' id='word_1_227' title='bbox 765 1908 879 1952; x_wconf 81' lang='lat' dir='ltr'><strong>silere,</strong></span> <span class='ocrx_word' id='word_1_228' title='bbox 903 1907 932 1943; x_wconf 93' lang='grc' dir='ltr'><strong><em>Ι.</em></strong></span> <span class='ocrx_word' id='word_1_229' title='bbox 957 1906 1015 1949; x_wconf 89' lang='grc'><strong><em>19,</em></strong></span> <span class='ocrx_word' id='word_1_230' title='bbox 1038 1906 1074 1941; x_wconf 89' lang='grc'><strong><em>2.</em></strong></span> 
     </span>
    </p>

    <p class='ocr_par' dir='ltr' id='par_1_26' title="bbox 278 1962 1148 2010">
     <span class='ocr_line' id='line_1_30' title="bbox 278 1962 1148 2010; baseline -0.001 -11"><span class='ocrx_word' id='word_1_231' title='bbox 278 1964 410 2000; x_wconf 79' lang='lat' dir='ltr'><strong><em>Tacere</em></strong></span> <span class='ocrx_word' id='word_1_232' title='bbox 432 1966 516 2010; x_wconf 87' lang='lat' dir='ltr'><strong><em>quid</em></strong></span> <span class='ocrx_word' id='word_1_233' title='bbox 547 1965 691 2000; x_wconf 81' lang='lat' dir='ltr'><strong><em>differat</em></strong></span> <span class='ocrx_word' id='word_1_234' title='bbox 723 1976 747 2001; x_wconf 85' lang='lat' dir='ltr'><strong><em>a</em></strong></span> <span class='ocrx_word' id='word_1_235' title='bbox 771 1966 930 2009; x_wconf 78' lang='lat' dir='ltr'><strong>reticere,</strong></span> <span class='ocrx_word' id='word_1_236' title='bbox 953 1965 982 1999; x_wconf 91' lang='grc' dir='ltr'><strong><em>Ι.</em></strong></span> <span class='ocrx_word' id='word_1_237' title='bbox 1005 1962 1064 2005; x_wconf 82' lang='grc'><strong><em>85,</em></strong></span> <span class='ocrx_word' id='word_1_238' title='bbox 1087 1962 1148 2000; x_wconf 79' lang='grc'><strong><em>26.</em></strong></span> 
     </span>
    </p>

    <p class='ocr_par' dir='ltr' id='par_1_27' title="bbox 279 2019 1188 2068">
     <span class='ocr_line' id='line_1_31' title="bbox 279 2019 1188 2068; baseline -0.002 -12"><span class='ocrx_word' id='word_1_239' title='bbox 279 2021 404 2058; x_wconf 83' lang='lat' dir='ltr'><strong>Taeda</strong></span> <span class='ocrx_word' id='word_1_240' title='bbox 428 2023 559 2068; x_wconf 84' lang='lat' dir='ltr'><strong><em>duplici</em></strong></span> <span class='ocrx_word' id='word_1_241' title='bbox 583 2026 752 2068; x_wconf 79' lang='lat' dir='ltr'><strong>potestate</strong></span> <span class='ocrx_word' id='word_1_242' title='bbox 774 2028 995 2067; x_wconf 82' lang='lat' dir='ltr'><strong><em>usurpatum,</em></strong></span> <span class='ocrx_word' id='word_1_243' title='bbox 1019 2023 1047 2058; x_wconf 88' lang='lat'><strong><em>1.</em></strong></span> <span class='ocrx_word' id='word_1_244' title='bbox 1070 2019 1129 2062; x_wconf 79' lang='grc'><strong><em>57,</em></strong></span> <span class='ocrx_word' id='word_1_245' title='bbox 1152 2019 1188 2055; x_wconf 88' lang='grc'><strong><em>5.</em></strong></span> 
     </span>
    </p>

    <p class='ocr_par' dir='ltr' id='par_1_28' title="bbox 283 2042 1677 2173">
     <span class='ocr_line' id='line_1_32' title="bbox 283 2042 1677 2127; baseline -0.004 -13"><span class='ocrx_word' id='word_1_246' title='bbox 283 2078 381 2115; x_wconf 75' lang='lat' dir='ltr'><strong><em>Talis</em></strong></span> <span class='ocrx_word' id='word_1_247' title='bbox 402 2092 479 2115; x_wconf 85' lang='lat' dir='ltr'><strong>rem</strong></span> <span class='ocrx_word' id='word_1_248' title='bbox 504 2082 625 2126; x_wconf 83' lang='lat' dir='ltr'><strong><em>aliquo</em></strong></span> <span class='ocrx_word' id='word_1_249' title='bbox 648 2081 755 2116; x_wconf 83' lang='lat' dir='ltr'><strong>modo</strong></span> <span class='ocrx_word' id='word_1_250' title='bbox 781 2084 911 2127; x_wconf 85' lang='lat' dir='ltr'><strong>auget,</strong></span> <span class='ocrx_word' id='word_1_251' title='bbox 950 2081 979 2115; x_wconf 90' lang='lat'><strong>1.</strong></span> <span class='ocrx_word' id='word_1_252' title='bbox 1002 2079 1069 2123; x_wconf 89' lang='grc'><strong><em>10,</em></strong></span> <span class='ocrx_word' id='word_1_253' title='bbox 1102 2079 1137 2114; x_wconf 89' lang='grc'><strong><em>8.</em></strong></span> <span class='ocrx_word' id='word_1_254' title='bbox 1184 2076 1252 2122; x_wconf 85' lang='grc'><strong><em>25,</em></strong></span> <span class='ocrx_word' id='word_1_255' title='bbox 1275 2077 1310 2112; x_wconf 88' lang='grc'><strong><em>2.</em></strong></span> <span class='ocrx_word' id='word_1_256' title='bbox 1357 2042 1425 2120; x_wconf 89' lang='grc'><strong><em>31,</em></strong></span> <span class='ocrx_word' id='word_1_257' title='bbox 1453 2074 1491 2113; x_wconf 88' lang='lat'><strong><em>9.</em></strong></span> <span class='ocrx_word' id='word_1_258' title='bbox 1537 2055 1606 2118; x_wconf 81' lang='grc'><strong><em>32,</em></strong></span> <span class='ocrx_word' id='word_1_259' title='bbox 1640 2071 1677 2116; x_wconf 97' lang='lat'><strong><em>5</em></strong></span> 
     </span>
     <span class='ocr_line' id='line_1_33' title="bbox 364 2138 481 2180; baseline 0.009 -8"><span class='ocrx_word' id='word_1_260' title='bbox 364 2138 425 2180; x_wconf 88' lang='grc'><strong><em>63,</em></strong></span> <span class='ocrx_word' id='word_1_261' title='bbox 446 2138 481 2173; x_wconf 93' lang='grc'><strong><em>6.</em></strong></span> 
     </span>
    </p>

    <p class='ocr_par' dir='ltr' id='par_1_29' title="bbox 278 2189 1474 2242">
     <span class='ocr_line' id='line_1_34' title="bbox 278 2189 1474 2242; baseline -0.003 -12"><span class='ocrx_word' id='word_1_262' title='bbox 278 2195 385 2231; x_wconf 81' lang='lat' dir='ltr'><strong><em>Talia</em></strong></span> <span class='ocrx_word' id='word_1_263' title='bbox 407 2197 668 2242; x_wconf 76' lang='lat' dir='ltr'><strong><em>perspicuitatis</em></strong></span> <span class='ocrx_word' id='word_1_264' title='bbox 691 2208 816 2232; x_wconf 87' lang='lat' dir='ltr'><strong><em>caussa</em></strong></span> <span class='ocrx_word' id='word_1_265' title='bbox 839 2195 1068 2242; x_wconf 79' lang='lat' dir='ltr'><strong><em>coniungitur</em></strong></span> <span class='ocrx_word' id='word_1_266' title='bbox 1089 2206 1174 2230; x_wconf 85' lang='lat' dir='ltr'><strong><em>cum</em></strong></span> <span class='ocrx_word' id='word_1_267' title='bbox 1196 2194 1284 2238; x_wconf 79' lang='lat' dir='ltr'><strong><em>alia,</em></strong></span> <span class='ocrx_word' id='word_1_268' title='bbox 1305 2193 1334 2230; x_wconf 92' lang='grc' dir='ltr'><strong><em>Ι.</em></strong></span> <span class='ocrx_word' id='word_1_269' title='bbox 1357 2191 1416 2235; x_wconf 86' lang='grc'><strong><em>81,</em></strong></span> <span class='ocrx_word' id='word_1_270' title='bbox 1437 2189 1474 2226; x_wconf 89' lang='grc'><strong><em>2.</em></strong></span> 
     </span>
    </p>

    <p class='ocr_par' dir='ltr' id='par_1_30' title="bbox 281 2253 1106 2300">
     <span class='ocr_line' id='line_1_35' title="bbox 281 2253 1106 2300; baseline -0.001 -12"><span class='ocrx_word' id='word_1_271' title='bbox 281 2253 371 2289; x_wconf 86' lang='lat' dir='ltr'><strong><em>Tam</em></strong></span> <span class='ocrx_word' id='word_1_272' title='bbox 395 2257 571 2300; x_wconf 81' lang='lat' dir='ltr'><strong><em>quomodo</em></strong></span> <span class='ocrx_word' id='word_1_273' title='bbox 595 2257 738 2291; x_wconf 84' lang='lat' dir='ltr'><strong><em>differat</em></strong></span> <span class='ocrx_word' id='word_1_274' title='bbox 762 2256 807 2290; x_wconf 89' lang='lat' dir='ltr'><strong><em>ab</em></strong></span> <span class='ocrx_word' id='word_1_275' title='bbox 831 2253 1106 2296; x_wconf 72' lang='lat' dir='ltr'><strong>ita,C.14,1.</strong></span> 
     </span>
    </p>

    <p class='ocr_par' dir='ltr' id='par_1_31' title="bbox 279 2311 979 2360">
     <span class='ocr_line' id='line_1_36' title="bbox 279 2311 979 2360; baseline 0 -14"><span class='ocrx_word' id='word_1_276' title='bbox 279 2312 434 2348; x_wconf 82' lang='lat' dir='ltr'><strong>Tam—</strong></span> <span class='ocrx_word' id='word_1_277' title='bbox 457 2311 979 2360; x_wconf 69' lang='lat' dir='ltr'><strong>quam‚1.31‚14.100,4.</strong></span> 
     </span>
    </p>

    <p class='ocr_par' dir='ltr' id='par_1_32' title="bbox 281 2365 1180 2419">
     <span class='ocr_line' id='line_1_37' title="bbox 281 2365 1180 2419; baseline -0.003 -15"><span class='ocrx_word' id='word_1_278' title='bbox 281 2370 414 2406; x_wconf 83' lang='lat' dir='ltr'><strong><em>Tamen</em></strong></span> <span class='ocrx_word' id='word_1_279' title='bbox 437 2385 648 2419; x_wconf 78' lang='lat' dir='ltr'><strong><em>praegresso</em></strong></span> <span class='ocrx_word' id='word_1_280' title='bbox 677 2384 781 2419; x_wconf 83' lang='lat' dir='ltr'><strong><em>quum</em></strong></span> <span class='ocrx_word' id='word_1_281' title='bbox 803 2370 986 2412; x_wconf 76' lang='lat' dir='ltr'><strong><em>omissum,</em></strong></span> <span class='ocrx_word' id='word_1_282' title='bbox 1011 2368 1052 2403; x_wconf 85' lang='lat' dir='ltr'><strong>G.</strong></span> <span class='ocrx_word' id='word_1_283' title='bbox 1070 2366 1128 2412; x_wconf 94' lang='grc'><strong><em>36,</em></strong></span> <span class='ocrx_word' id='word_1_284' title='bbox 1144 2365 1180 2404; x_wconf 87' lang='lat'><strong>4.</strong></span> 
     </span>
    </p>

    <p class='ocr_par' dir='ltr' id='par_1_33' title="bbox 282 2417 1503 2476">
     <span class='ocr_line' id='line_1_38' title="bbox 282 2417 1503 2476; baseline -0.006 -13"><span class='ocrx_word' id='word_1_285' title='bbox 282 2428 414 2464; x_wconf 82' lang='lat' dir='ltr'><strong>Tamen</strong></span> <span class='ocrx_word' id='word_1_286' title='bbox 437 2431 607 2466; x_wconf 87' lang='lat' dir='ltr'><strong><em>omissum</em></strong></span> <span class='ocrx_word' id='word_1_287' title='bbox 629 2434 709 2476; x_wconf 86' lang='lat' dir='ltr'><strong><em>post</em></strong></span> <span class='ocrx_word' id='word_1_288' title='bbox 732 2440 954 2476; x_wconf 73' lang='lat' dir='ltr'><strong><em>quamquam,</em></strong></span> <span class='ocrx_word' id='word_1_289' title='bbox 980 2428 1062 2462; x_wconf 86' lang='lat' dir='ltr'><strong><em>licet</em></strong></span> <span class='ocrx_word' id='word_1_290' title='bbox 1085 2430 1164 2467; x_wconf 91' lang='lat' dir='ltr'><strong>etc.‚</strong></span> <span class='ocrx_word' id='word_1_291' title='bbox 1188 2423 1216 2459; x_wconf 89' lang='grc' dir='ltr'><strong><em>Ι.</em></strong></span> <span class='ocrx_word' id='word_1_292' title='bbox 1231 2422 1291 2470; x_wconf 91' lang='grc'><strong><em>33,</em></strong></span> <span class='ocrx_word' id='word_1_293' title='bbox 1306 2422 1340 2462; x_wconf 90' lang='grc'><strong><em>2.</em></strong></span> <span class='ocrx_word' id='word_1_294' title='bbox 1386 2421 1446 2468; x_wconf 83' lang='grc'><strong><em>39,</em></strong></span> <span class='ocrx_word' id='word_1_295' title='bbox 1468 2417 1503 2459; x_wconf 95' lang='grc'><strong><em>5.</em></strong></span> 
     </span>
    </p>

    <p class='ocr_par' dir='ltr' id='par_1_34' title="bbox 280 2481 1236 2531">
     <span class='ocr_line' id='line_1_39' title="bbox 280 2481 1236 2531; baseline -0.005 -9"><span class='ocrx_word' id='word_1_296' title='bbox 280 2488 414 2524; x_wconf 86' lang='lat' dir='ltr'><strong>Tamen</strong></span> <span class='ocrx_word' id='word_1_297' title='bbox 440 2490 594 2524; x_wconf 84' lang='lat' dir='ltr'><strong><em>relatum</em></strong></span> <span class='ocrx_word' id='word_1_298' title='bbox 618 2489 664 2524; x_wconf 84' lang='lat' dir='ltr'><strong><em>ad</em></strong></span> <span class='ocrx_word' id='word_1_299' title='bbox 687 2488 856 2524; x_wconf 83' lang='lat' dir='ltr'><strong><em>omissum</em></strong></span> <span class='ocrx_word' id='word_1_300' title='bbox 880 2486 1030 2531; x_wconf 78' lang='lat' dir='ltr'><strong>quidem,</strong></span> <span class='ocrx_word' id='word_1_301' title='bbox 1054 2483 1094 2518; x_wconf 81' lang='lat' dir='ltr'><strong>G.</strong></span> <span class='ocrx_word' id='word_1_302' title='bbox 1119 2482 1178 2524; x_wconf 88' lang='grc'><strong><em>61,</em></strong></span> <span class='ocrx_word' id='word_1_303' title='bbox 1201 2481 1236 2519; x_wconf 90' lang='grc'><strong><em>3.</em></strong></span> 
     </span>
    </p>

    <p class='ocr_par' dir='ltr' id='par_1_35' title="bbox 282 2540 1208 2594">
     <span class='ocr_line' id='line_1_40' title="bbox 282 2540 1208 2594; baseline -0.009 -12"><span class='ocrx_word' id='word_1_304' title='bbox 282 2547 414 2582; x_wconf 81' lang='lat' dir='ltr'><strong>Tamen</strong></span> <span class='ocrx_word' id='word_1_305' title='bbox 438 2547 513 2582; x_wconf 81' lang='lat' dir='ltr'><strong><em>vim</em></strong></span> <span class='ocrx_word' id='word_1_306' title='bbox 537 2547 700 2594; x_wconf 81' lang='lat' dir='ltr'><strong><em>apodosis</em></strong></span> <span class='ocrx_word' id='word_1_307' title='bbox 724 2549 844 2591; x_wconf 88' lang='lat' dir='ltr'><strong>auget,</strong></span> <span class='ocrx_word' id='word_1_308' title='bbox 866 2544 895 2578; x_wconf 95' lang='grc' dir='ltr'><strong><em>Ι.</em></strong></span> <span class='ocrx_word' id='word_1_309' title='bbox 924 2542 981 2586; x_wconf 89' lang='grc'><strong><em>10,</em></strong></span> <span class='ocrx_word' id='word_1_310' title='bbox 1006 2541 1042 2577; x_wconf 80' lang='grc'><strong><em>7.</em></strong></span> <span class='ocrx_word' id='word_1_311' title='bbox 1089 2540 1150 2585; x_wconf 87' lang='grc'><strong><em>83,</em></strong></span> <span class='ocrx_word' id='word_1_312' title='bbox 1174 2540 1208 2575; x_wconf 95' lang='grc'><strong><em>1.</em></strong></span> 
     </span>
    </p>

    <p class='ocr_par' dir='ltr' id='par_1_36' title="bbox 281 2590 1582 2645">
     <span class='ocr_line' id='line_1_41' title="bbox 281 2590 1582 2645; baseline -0.01 -6"><span class='ocrx_word' id='word_1_313' title='bbox 281 2605 413 2640; x_wconf 84' lang='lat' dir='ltr'><strong>Tamen</strong></span> <span class='ocrx_word' id='word_1_314' title='bbox 436 2607 588 2641; x_wconf 86' lang='lat' dir='ltr'><strong><em>relatum</em></strong></span> <span class='ocrx_word' id='word_1_315' title='bbox 611 2604 658 2639; x_wconf 75' lang='lat' dir='ltr'><strong><em>ad</em></strong></span> <span class='ocrx_word' id='word_1_316' title='bbox 681 2602 888 2638; x_wconf 81' lang='lat' dir='ltr'><strong><em>seutentiam</em></strong></span> <span class='ocrx_word' id='word_1_317' title='bbox 911 2598 1127 2645; x_wconf 85' lang='lat' dir='ltr'><strong><em>cogitatione</em></strong></span> <span class='ocrx_word' id='word_1_318' title='bbox 1148 2594 1390 2641; x_wconf 80' lang='lat' dir='ltr'><strong><em>supplendam,</em></strong></span> <span class='ocrx_word' id='word_1_319' title='bbox 1413 2593 1443 2629; x_wconf 89' lang='grc' dir='ltr'><strong><em>Ι.</em></strong></span> <span class='ocrx_word' id='word_1_320' title='bbox 1465 2590 1524 2636; x_wconf 91' lang='grc'><strong><em>54,</em></strong></span> <span class='ocrx_word' id='word_1_321' title='bbox 1545 2591 1582 2626; x_wconf 86' lang='grc'><strong><em>2.</em></strong></span> 
     </span>
    </p>

    <p class='ocr_par' dir='ltr' id='par_1_37' title="bbox 282 2647 1675 2709">
     <span class='ocr_line' id='line_1_42' title="bbox 282 2647 1675 2709; baseline -0.013 -9"><span class='ocrx_word' id='word_1_322' title='bbox 282 2664 415 2700; x_wconf 86' lang='lat' dir='ltr'><strong>Tamen</strong></span> <span class='ocrx_word' id='word_1_323' title='bbox 437 2663 591 2709; x_wconf 84' lang='lat' dir='ltr'><strong><em>positum</em></strong></span> <span class='ocrx_word' id='word_1_324' title='bbox 611 2662 675 2699; x_wconf 87' lang='lat' dir='ltr'><strong><em>ubi</em></strong></span> <span class='ocrx_word' id='word_1_325' title='bbox 700 2672 771 2699; x_wconf 81' lang='lat' dir='ltr'><strong><em>non</em></strong></span> <span class='ocrx_word' id='word_1_326' title='bbox 800 2657 990 2706; x_wconf 77' lang='lat' dir='ltr'><strong><em>praecessit</em></strong></span> <span class='ocrx_word' id='word_1_327' title='bbox 1017 2655 1227 2693; x_wconf 80' lang='lat' dir='ltr'><strong><em>concedendi</em></strong></span> <span class='ocrx_word' id='word_1_328' title='bbox 1259 2652 1450 2700; x_wconf 81' lang='lat' dir='ltr'><strong><em>particula,</em></strong></span> <span class='ocrx_word' id='word_1_329' title='bbox 1483 2651 1513 2687; x_wconf 88' lang='lat'><strong>1.</strong></span> <span class='ocrx_word' id='word_1_330' title='bbox 1541 2647 1610 2694; x_wconf 74' lang='lat'><strong><em>55,</em></strong></span> <span class='ocrx_word' id='word_1_331' title='bbox 1639 2647 1675 2682; x_wconf 80' lang='lat'><strong>1.</strong></span> 
     </span>
    </p>
   </div>
  </div>
 </body>
</html>
