1716 2996
226 198 313 238 564
600 192 645 235 C.
676 191 1002 235 SALLUSTI
1032 191 1254 236 CRISPI

226 311 367 371 iubet,
403 311 510 355 item
542 309 596 353 L.
631 308 886 353 Bellienum
912 313 1186 375 praetorem,
1217 316 1455 371 praeterea
1482 286 1623 356 omnis

230 407 430 467 undique
465 406 673 451 senatorii
710 406 902 463 ordinis,
946 407 1211 465 quibuscum
1257 408 1470 452 mandata
1501 407 1625 453 Boc·
1672 403 1673 409 ¹

229 541 338 576 vitate
368 540 454 575 satis
485 543 651 576 accurate
688 541 897 576 narraverit.
958 541 1040 576 Alia
1069 552 1126 575 res
1154 547 1218 585 est,
1242 542 1272 577 si
1297 543 1403 578 turris
1426 524 1546 588 regiae
1569 554 1629 577 ex—

229 602 423 647 pugnatio,
446 603 545 636 nulla
577 600 787 637 difficultate
817 602 1010 647 insigniore
1033 602 1225 647 impedita,
1249 615 1291 638 ex
1319 604 1428 639 Marii
1450 605 1630 640 voluntate

229 662 409 707 processit.
470 664 523 698 lta
545 663 639 698 enim
664 663 748 699 satis
775 663 844 698 fuit
866 664 983 698 dicere
1003 668 1188 708 postquam
1211 676 1289 698 con
1291 668 1318 709 s
1324 670 1421 701 ecto
1443 667 1630 712 negotio

227 724 344 766 redit,
381 734 621 769 agnoscesqne
654 724 839 770 ingenium
871 737 913 759 ac
937 715 1082 760 vmorem
1112 724 1296 770 Sallustii,
1321 727 1383 769 qui
1406 727 1511 761 rebus
1533 727 1630 762 haud

228 785 522 820 memorabilibus
551 786 622 820 non
652 786 882 828 immoratur,
915 798 985 821 nno
1011 787 1120 821 verbo
1143 776 1248 831 saepe
1271 787 1464 822 defunctus.
1514 787 1632 831 Quare

229 847 358 890 infecto
381 847 611 882 librariorum
634 848 733 882 malo
757 847 913 882 acumini
927 845 1055 882 ‘deberi
1082 858 1219 882 censeo.
1242 846 1301 874 —⁴
1326 849 1400 891 Quo
1426 849 1531 893 longe
1552 848 1630 892 plu-

228 907 311 942 rimi
327 907 410 942 libri
426 911 587 951 tuentur3
612 908 719 954 pauci
737 910 830 954 quod
845 904 988 951 habent,
1004 909 1130 944 scribis
1152 909 1371 944 attractionis
1393 919 1496 944 usum
1521 909 1628 954 igno-
1691 898 1694 901 .

228 969 409 1011 rantibus,
443 968 541 1003 cuius
574 980 617 1004 ea
648 969 740 1004 ratio
774 973 847 1012 est,
870 974 920 1012 ,ut
941 970 1132 1005 relativum
1154 981 1225 1005 non
1246 970 1445 1004 accusativo
1468 973 1635 1014 ponatur,-
1680 976 1684 982 “

229 1041 335 1074 quem
360 1030 477 1074 poscit
498 1031 671 1073 verbnm,
708 1031 768 1065 sed
802 1030 936 1076 pariter
967 1043 1051 1066 cum
1075 1031 1229 1073 nomine,
1263 1031 1308 1065 ad
1339 1031 1434 1075 quod
1465 1026 1630 1072 refertur,

231 1091 386 1126 ablativo
418 1102 503 1126 casu
535 1092 752 1126 enuncietur.
782 1092 828 1128 cf.
852 1092 997 1127 Terent.
1020 1089 1151 1127 Heaut.
1177 1093 1206 1135 1,
1231 1092 1265 1135 1,
1285 1089 1344 1140 35.
1388 1092 1470 1129 Hac
1491 1092 1630 1143 quidem

231 1163 361 1195 causa,
397 1164 483 1199 qua
507 1153 581 1188 dixi
606 1155 681 1189 tibi.
729 1152 879 1187 Bentlei.
909 1156 943 1188 et
969 1152 1156 1188 Heindorf.
1180 1153 1235 1188 ad
1250 1154 1338 1198 Hor.
1361 1153 1436 1190 Sat.
1461 1153 1492 1196 1,
1514 1152 1550 1195 6,
1573 1151 1631 1188 15.

233 1213 390 1248 Notante
413 1213 550 1256 iudice,
575 1225 659 1259 quo
692 1214 796 1256 nosti,
818 1215 956 1258 populo.
1004 1214 1116 1250 Plura
1137 1215 1181 1249 de
1203 1225 1247 1250 ea
1269 1226 1309 1261 re
1331 1214 1494 1250 dixerunt
1515 1214 1631 1248 Krue—

228 1284 335 1319 gerus
357 1272 395 1307 in
419 1273 511 1308 libro
536 1276 579 1309 de
607 1274 825 1310 Attractione
847 1274 935 1319 ling.
959 1275 1021 1309 lat.
1043 1275 1076 1318 ἕ.
1099 1275 1170 1309 105
1191 1284 1273 1320 sqq.¹
1287 1287 1321 1320 p.
1344 1275 1416 1310 257
1438 1288 1513 1320 sqq.
1537 1276 1631 1320 Aug.

229 1335 464 1370 Grotct'endus
487 1335 524 1370 in
548 1336 710 1370 Gramm.
735 1336 814 1371 Lat.
838 1335 944 1378 ampl.
969 1336 1003 1377 §.
1027 1333 1107 1369 518.
1131 1347 1166 1379 p.
1191 1335 1437 1376 423..Walch.
1457 1336 1628 1370 Emendd.

230 1396 332 1430 Livv.
357 1407 391 1440 p.
417 1395 466 1430 80
488 1407 540 1440 sq.
588 1397 753 1432 Ceterum
777 1408 844 1441 quo
877 1396 1078 1431 intenderat
1101 1397 1206 1432 multi
1226 1396 1434 1442 interpretes
1454 1397 1552 1432 male
1574 1406 1631 1430 re-

232 1458 351 1492 ferunt
374 1457 420 1491 ad
443 1458 554 1492 verba
579 1457 714 1492 Cirtam
735 1456 830 1491 redit
838 1469 851 1499 ,-
886 1467 969 1490 nam
998 1456 1084 1500 quid
1114 1468 1203 1502 opus
1231 1461 1308 1492 erat
1340 1449 1486 1494 ditoni-
1513 1457 1631 1492 verbis

231 1529 380 1554 narrare
403 1517 562 1553 Marium
585 1517 629 1552 de
655 1518 772 1552 reditu
796 1516 995 1562 cogitasse,
1029 1517 1091 1561 qui
1120 1519 1230 1553 nollet
1251 1518 1382 1554 diutius
1405 1529 1429 1553 a
1448 1518 1547 1554 Cirta
1567 1518 1632 1553 ab·

231 1580 334 1616 esse?
366 1581 556 1615 Praeterea
590 1590 699 1624 quum
730 1578 1120 1623 plusquamperfectum
1153 1580 1198 1614 ad
1229 1590 1307 1615 rem
1339 1578 1455 1614 reditu
1476 1577 1632 1623 priorem

230 1644 383 1687 spectet,
420 1639 657 1676 clarissimum
691 1643 744 1674 est
775 1640 886 1674 verba
916 1651 982 1685 quo
1015 1640 1230 1676 intenderat.
1247 1641 1421 1686 pertinere
1452 1639 1498 1675 ad
1528 1650 1632 1674 voces

231 1703 375 1750 negotio
398 1706 574 1747 consecto,
603 1705 654 1737 sc.
681 1700 788 1736 turris
811 1700 1077 1746 expugnandae.
1127 1703 1378 1739 Intendere
1398 1701 1552 1747 aliquid,
1576 1700 1632 1735 vel

231 1765 393 1800 absolute
427 1764 609 1800 intendere
638 1765 691 1798 est
719 1763 935 1807 propositum
967 1762 1119 1806 habere,
1156 1764 1257 1806 velle,
1292 1765 1493 1806 decernere,
1517 1762 1565 1797 cf.
1597 1773 1628 1795 c.

232 1826 343 1868 XXV,
374 1823 433 1861 10.
466 1826 546 1868 cll,
580 1825 618 1860 1.
647 1827 682 1859 et
706 1835 797 1868 quae
821 1823 973 1858 diximus
996 1823 1042 1859 ad
1068 1835 1098 1859 c.
1125 1823 1281 1866 Lxxlv,
1305 1823 1339 1858 1.
1363 1823 1628 1858 Drakenborch.

174 1880 181 1882 ’
230 1887 276 1922 aa
296 1886 373 1921 Liv.
398 1887 542 1929 xxxv,
564 1886 624 1929 11,
647 1885 705 1921 13.
737 1885 925 1919 Ruhnken.
961 1885 1006 1919 aa
1035 1884 1178 1920 Terent.
1202 1885 1310 1919 Andr.
1333 1885 1378 1927 ιι,
1400 1884 1436 1927 2,
1460 1883 1496 1919 6.
1543 1884 1629 1917 Ver-

232 1949 360 1982 borum
386 1947 547 1987 ordinem
571 1946 803 1988 Gerlachius,
836 1946 994 1991 aliquam
1025 1946 1200 1981 librorum
1231 1949 1367 1990 partem
1393 1947 1550 1988 secutus,
1579 1944 1634 1990 sic

231 2009 412 2044 exhibuit:
446 1996 578 2053 insecta
607 2008 774 2054 negotio,
815 2020 881 2052 quo
917 2008 1128 2043 intenderat.
1175 2006 1384 2050 Quem-nos
1406 2005 1565 2040 dedimus
1587 2015 1631 2039 ex

232 2071 409 2106 Cottianis
424 2071 524 2105 codd.
544 2070 708 2106 omnibus
728 2068 975 2112 nonnullisque
996 2069 1088 2103 Itall.
1113 2067 1306 2109 Gerlachii,
1330 2066 1448 2102 verior
1470 2064 1630 2107 videtui-3

232 2132 364 2177 quippe
388 2132 470 2168 talis
492 2135 569 2175 est,
603 2143 708 2178 quem
732 2129 876 2167 librarii.
897 2128 1039 2165 facilius
1061 2129 1098 2167 in
1120 2129 1273 2164 alterum
1294 2131 1492 2171 mutarent,
1522 2136 1630 2172 quam

232 2198 370 2228 contra.
1105 2183 1109 2186 ¹
1347 2192 1350 2194 '
1531 2221 1534 2231 ,

327 2254 465 2289 Sullam
490 2254 543 2288 ab
581 2253 714 2289 Utica
746 2251 887 2297 venire]
919 2252 973 2287 Ab
1010 2251 1133 2303 Utica,
1163 2251 1258 2295 quod
1286 2250 1324 2286 in
1354 2249 1518 2284 omnibus
1551 2248 1629 2283 edd.

233 2316 339 2359 deest,
361 2315 475 2360 primi.
494 2313 704 2359 recepimus,
731 2325 769 2347 re
792 2314 871 2358 ipsa
895 2316 929 2348 et
952 2313 1052 2348 codd.
1072 2311 1282 2362 auctoritate
1302 2310 1498 2357 flagitante.
1538 2309 1628 2344 Nam

233 2378 283 2412 ita
307 2380 420 2411 exstat
445 2376 481 2410 in
504 2375 605 2410 codd.
621 2373 805 2409 Castilion.
827 2375 963 2425 duobus
978 2375 1147 2418 Popmae,
1170 2372 1333 2408 omnibus
1357 2373 1486 2407 Palatt.
1506 2373 1630 2405 octavo

233 2439 391 2482 excepto,
415 2437 579 2471 Arondel.
602 2436 695 2481 Reg.
720 2434 798 2469 Vin.
824 2434 857 2469 1.
881 2435 922 2482 2.)
942 2433 1192 2481 Berg..Struv.
1210 2434 1335 2467 Franc.
1354 2432 1462 2468 Acad.
1485 2430 1627 2465 Fabi-ic.

234 2498 271 2533 2.
296 2497 416 2533 Guelt’.
441 2497 476 2531 4.
503 2496 538 2531 6·.
563 2496 598 2533 9.
621 2495 678 2531 10.
703 2496 759 2530 11.
784 2495 841 2530 12.
873 2495 972 2531 Leid.
1003 2496 1049 2530 K.
1078 2494 1153 2528 Erl.
1176 2494 1261 2528 Bas.
1285 2493 1320 2527 4.
1343 2492 1432 2526 Tur.
1460 2490 1495 2527 1.
1520 2491 1628 2525 Bern.

173 2550 176 2554 ’
233 2559 270 2595 3.
302 2559 411 2596 Misn.
445 2557 589 2599 Goerl„
619 2558 742 2592 multis
771 2557 861 2592 Itall.
875 2581 887 2599 ,
920 2557 1114 2602 eodemque
1142 2553 1238 2589 ducit
1268 2555 1432 2597 corrupta
1453 2551 1630 2603 scriptura
1704 2590 1706 2594 y

233 2621 338 2655 Rem.
374 2620 408 2654 1.
438 2618 474 2654 2.
507 2618 589 2654 Seu.
621 2618 656 2652 1.
691 2618 834 2652 Fabric.
868 2617 903 2650 1.
936 2617 989 2651 ab
1018 2622 1154 2653 tucca
1177 2613 1306 2648 venire.
1354 2613 1461 2648 Atia
1484 2613 1567 2648 Sen.
1590 2613 1626 2649 2.

234 2682 362 2717 Reuss.
385 2681 482 2715 Vrat.
509 2679 544 2713 l.
566 2677 600 2712 2.
622 2677 743 2712 Berol.
765 2678 799 2712 1.
823 2676 858 2711 2.
890 2677 1063 2721 scriptum
1087 2678 1140 2709 est
1170 2675 1220 2709 ad
1253 2675 1412 2718 Uticam,
1436 2681 1518 2719 ‘qno
1546 2685 1626 2709 sen-

232 2741 342 2775 tentia
362 2750 432 2774 non
454 2738 571 2773 minus
589 2737 708 2783 inepta
730 2728 896 2780 efficitur,
919 2749 1028 2781 quam
1050 2739 1247 2771 ceterorum
1269 2735 1443 2770 librorum
1466 2735 1626 2783 lectione,

229 2800 291 2844 qui
316 2799 500 2835 verbistab
529 2799 631 2835 Utica
653 2791 783 2835 carent.
828 2797 998 2843 Capitalis
1018 2800 1071 2833 est
1101 2796 1196 2832 enim
1228 2807 1327 2832 error
1350 2795 1496 2832 Gruter-i
1519 2798 1626 2839 atque
