1702 2982
180 133 245 193 ss‘
553 149 600 193 c.
630 150 955 220 SArLUSTI
985 151 1209 195 CRISPI

185 280 337 311 rerum
378 264 680 312 humanarum
729 282 836 312 cura
879 268 1068 313 oriatur!
1114 284 1172 314 ne
1205 267 1307 329 ille,
1353 270 1432 329 qui
1465 285 1584 314 nunc
1643 276 1648 281 “

190 364 433 409 sceleribus
471 366 558 410 suis
594 366 723 410 ferox
758 371 893 424 atque
939 367 1197 426 praeclarus
1245 371 1334 423 est,
1380 368 1585 412 omnibus

188 461 317 507 malis
373 463 651 507 excruciatus
698 462 939 522 impietatis
990 465 1038 508 in
1082 470 1319 524 parentem
1363 469 1586 523 nostrum,

189 558 337 603 fratris
366 560 455 604 mei
489 560 610 604 necis
648 575 942 619 mearumque
977 561 1256 605 miseriarum
1290 562 1439 622 gravis
1474 576 1587 622 poe-

124 662 182 703 22
191 672 270 701 nas
305 656 481 702 reddet.
548 657 735 701 lamiam
777 657 940 717 frater,
986 659 1134 702 animo
1178 673 1281 703 meo
1327 659 1588 716 carissume,

192 769 470 815 quamquam
512 755 596 800 tibi
642 755 881 800 immaturo
938 760 984 799 et
1026 754 1148 800 unde
1195 757 1394 802 minume
1441 756 1592 802 decuit

192 919 283 954 illud
305 919 479 954 monitum
512 918 558 953 ad
582 919 661 954 Cat.
695 931 727 953 c.
750 919 820 962 LI,
843 919 879 954 7.
917 931 952 965 p.
976 919 1057 955 239.
1081 940 1128 946 —
1154 921 1383 956 Transvorsos
1415 926 1506 966 agat
1531 932 1591 954 ex-

192 980 365 1025 plicatum
387 985 439 1016 est
463 981 508 1015 ad
531 993 561 1017 c.
585 982 645 1023 Vl,
669 980 702 1015 3.
719 999 765 1006 -—
786 981 834 1015 Et
855 987 933 1025 post
955 982 1063 1015 verba
1087 964 1225 1015 Curtius
1247 983 1339 1016 male
1362 981 1476 1024 eiecit,
1493 981 1593 1016 codd.

192 1041 377 1084 omnibus,
400 1046 539 1087 praeter
558 1043 666 1077 Fabr.
691 1042 727 1077 2.
748 1045 783 1077 et
804 1042 947 1076 Vratisl.
968 1042 1015 1083 1.,
1039 1043 1326 1088 repugnantibus.
1343 1062 1386 1068 -
1409 1044 1480 1086 Me,
1503 1042 1596 1086 quod

190 1102 228 1137 in
251 1103 326 1138 eod.
351 1103 496 1138 Eccard.
519 1115 589 1137 non
620 1103 774 1149 legitur,
808 1103 948 1138 Cottius
982 1104 1162 1149 eleganter
1186 1105 1308 1138 abesse
1332 1107 1455 1148 putat3
1478 1104 1536 1138 sed
1561 1115 1596 1138 v.

191 1164 237 1199 ad
261 1164 365 1198 Catil.
401 1177 431 1198 c,
460 1165 602 1207 XXXI,
625 1164 660 1198 7.
695 1176 729 1208 p.
757 1165 838 1199 147.
889 1165 1097 1199 Structurae
1125 1165 1360 1209 expediendae
1397 1176 1519 1198 caussa
1559 1164 1632 1198 in..
1682 1161 1684 1166 ’

190 1224 370 1259 nonnullis
390 1226 488 1259 codd.
515 1230 595 1260 ante
608 1227 753 1270 fingere
777 1225 934 1260 additum
959 1229 1010 1260 est
1033 1225 1175 1267 dicunt,
1199 1226 1243 1259 de
1266 1237 1335 1270 quo
1357 1225 1598 1270 interpolatio-

191 1286 247 1322 nis
270 1298 400 1331 genere
419 1285 574 1320 diximus
600 1287 644 1320 ad
670 1285 775 1320 Catil.
799 1298 830 1320 c.
856 1288 952 1329 XXI,
977 1287 1010 1321 3.
1044 1298 1079 1330 p.
1104 1286 1184 1321 106.
1219 1287 1265 1321 cf.
1291 1287 1368 1332 lug.
1394 1298 1425 1320 c.
1451 1286 1543 1327 VIII,
1562 1286 1595 1319 1.

193 1366 240 1372 —-
267 1347 504 1390 Quodutiuam
527 1347 785 1381 illustravimus
817 1347 862 1382 ad
890 1347 995 1383 Catil.
1031 1349 1085 1390 11,
1109 1348 1143 1382 2.
1179 1361 1211 1393 p.
1236 1349 1293 1383 10.
1327 1349 1453 1393 quibus
1477 1348 1598 1382 confer

192 1418 284 1453 quae
317 1407 400 1443 Otto
425 1409 470 1442 ad
503 1409 576 1443 Cic.
602 1409 646 1442 de
670 1408 772 1442 Finn.
796 1409 832 1450 1,
855 1408 924 1450 20,
947 1408 1007 1443 67.
1038 1408 1308 1454 diligentissime
1337 1409 1506 1451 contulit,
1539 1408 1599 1442 cui

191 1473 311 1505 tamen
322 1469 512 1504 concedere
534 1481 679 1514 nequeo,
703 1470 795 1514 quod
817 1469 854 1503 in
876 1469 935 1503 his
959 1469 1159 1514 significare
1175 1482 1217 1504 ex
1235 1475 1317 1506 ante
1340 1470 1442 1504 dictis
1463 1469 1599 1514 aliquid

193 1530 327 1575 colligi.
373 1530 552 1566 Nonnulla
580 1530 690 1564 huius
723 1533 919 1564 structurae
949 1531 1110 1574 exempla
1142 1531 1250 1566 etiam
1281 1531 1481 1565 Gronovius
1512 1541 1599 1564 con-

194 1591 306 1637 gessit
336 1590 381 1625 ad
406 1590 485 1627 Liv.
519 1592 665 1633 XXVII,
689 1590 724 1635 7,
744 1590 779 1626 6.
805 1591 865 1635 qui
878 1592 978 1625 locus
998 1594 1115 1625 tamen
1138 1590 1216 1636 ipse
1230 1591 1366 1626 alienus
1383 1595 1446 1634 est,
1470 1590 1601 1635 quippe

195 1650 261 1686 ubi·
287 1652 378 1696 quod
410 1663 477 1696 pro
514 1653 598 1698 quia
630 1651 785 1697 positum
816 1651 872 1686 sit.
918 1652 1056 1686 Ibidem
1089 1652 1289 1687 Gronovius
1318 1654 1412 1687 hune
1442 1651 1601 1687 Sallustii

193 1712 312 1747 locum
341 1713 489 1748 laudans
518 1713 639 1748 invitis
671 1712 835 1748 omnibus
871 1713 973 1747 codd.
1012 1714 1135 1748 eadem
1159 1714 1224 1748 sic
1257 1725 1321 1758 pro
1344 1714 1466 1748 eadem
1490 1715 1600 1748 haec

195 1773 303 1809 scribi
327 1774 424 1816 vult,
456 1778 550 1809 recte
574 1785 597 1809 a
621 1773 742 1808 Cottio
764 1773 959 1815 refutatae,
992 1773 1053 1817 qui
1077 1775 1194 1808 multa
1215 1775 1379 1818 exempla
1401 1774 1493 1808 idem
1518 1784 1602 1818 pro·

195 1834 347 1870 nominis
382 1846 464 1870 cum
493 1835 764 1870 demonstrativo
797 1833 972 1868 coniuncti
1007 1835 1148 1878 attulit,
1182 1836 1278 1870 velut
1313 1836 1389 1870 Cat.
1413 1835 1542 1877 XXXI,
1566 1834 1601 1871 4.

194 1895 256 1940 LI,
280 1895 315 1929 7.
342 1895 469 1940 LVIII,
496 1895 553 1932 10.
590 1897 736 1941 Fragm.
770 1895 924 1930 Historr.
948 1895 1008 1938 111,
1031 1895 1089 1938 22,
1115 1896 1172 1931 27.
1201 1896 1276 1932 Liv.
1299 1897 1360 1938 111,
1385 1895 1443 1938 14,
1466 1895 1500 1932 5.
1527 1896 1600 1929 Cic.

196 1957 286 2002 Epp.
320 1957 365 1992 ad
397 1957 536 1992 Famm.
572 1957 648 2000 VII,
677 1956 735 1999 17,
763 1956 819 1991 10.
852 1956 895 1990 de
918 1956 1021 1990 Finn.
1049 1957 1088 1998 V,
1111 1956 1170 1999 27,
1194 1956 1251 1991 81).
1278 1957 1320 1991 de
1345 1955 1416 1990 off.
1441 1956 1485 1997 II,
1509 1956 1542 1997 1,
1565 1955 1601 1990 3.

197 2016 278 2053 Alia
300 2029 338 2053 τ’.
361 2018 455 2062 apud
486 2017 708 2063 Herzogium
742 2018 786 2052 ad
819 2018 917 2052 Caes·
953 2017 998 2051 B.
1025 2017 1069 2051 G.
1096 2018 1171 2061 vll,
1195 2016 1253 2060 15,
1279 2017 1313 2052 1.
1332 2036 1379 2044 —-
1401 2017 1602 2062 Aliquando

197 2090 279 2113 eum
310 2077 348 2112 vi
379 2078 512 2113 dictum
544 2082 596 2114 est
632 2079 775 2113 tandem
799 2079 907 2124 aliq.,·
941 2089 976 2112 v.
1001 2078 1045 2112 ad
1070 2089 1099 2112 c.
1127 2078 1237 2121 LXII,
1261 2078 1294 2112 1.
1316 2097 1364 2104 —-
1390 2078 1444 2113 Ne
1475 2079 1533 2113 ille
1556 2096 1604 2103 —-

196 2141 323 2175 reddet
348 2139 528 2174 verissime
543 2151 566 2175 a
591 2139 713 2174 (tortio
736 2139 928 2184 repositum
951 2150 1015 2183 pro
1032 2139 1182 2184 vulgato
1204 2143 1251 2174 ut
1274 2140 1334 2174 ille
1356 2160 1394 2166 —
1421 2140 1602 2182 reddat,

197 2212 290 2247 quae
312 2201 502 2236 verborum
536 2200 742 2246 depravatio
773 2201 810 2235 in
834 2200 983 2245 proclivi
1016 2200 1104 2242 t'nit,
1139 2212 1248 2244 quum
1281 2201 1419 2235 librarii
1442 2201 1501 2235 his
1524 2212 1604 2235 eon-

197 2262 303 2299 tiueri
325 2266 505 2297 censerent
528 2262 637 2305 illud,
673 2262 766 2306 quod
790 2260 974 2295 Adherbal
1010 2271 1095 2294 cura
1118 2261 1264 2296 deorum
1288 2262 1455 2296 effectum
1480 2273 1604 2307 preca-

197 2326 307 2360 retur.
354 2323 423 2358 Sed
448 2335 557 2368 quum
580 2324 658 2358 Vat.
682 2323 725 2359 A.
749 2323 875 2357 Nazar.
900 2322 1088 2356 Einsiedel.
1112 2322 1225 2357 Paris.
1259 2334 1292 2359 a.
1315 2335 1346 2357 z.
1379 2323 1484 2357 Bern.
1515 2322 1548 2357 4.
1570 2325 1605 2357 ct

197 2385 311 2422 Paris.
337 2386 373 2419 b.
397 2397 445 2420 m.
472 2396 543 2421 sec.
567 2396 631 2430 pro
651 2389 692 2419 ut
715 2384 904 2419 exhibeant
927 2394 982 2425 ne,
1008 2383 1100 2427 quod
1125 2384 1233 2418 etiam
1257 2384 1384 2420 Henss.
1407 2387 1442 2418 et
1461 2382 1603 2426 Sen.2‚

197 2447 236 2483 in
258 2446 386 2492 quibus
420 2449 472 2481 est
503 2451 545 2481 ut
574 2457 641 2487 ne,
677 2445 898 2489 aliquantum
933 2444 1162 2487 confirmant,
1187 2448 1282 2489 patet
1304 2445 1412 2480 talem
1436 2455 1511 2478 esse
1534 2445 1605 2478 Ad-

198 2508 358 2544 herbulis
381 2503 600 2549 orationem,
623 2510 661 2540 ut
686 2509 809 2550 optato
831 2504 931 2538 finito
955 2505 1166 2545 confidenter
1187 2505 1313 2547 addat,
1344 2507 1498 2550 prosectu
1522 2515 1605 2548 poe-

200 2583 263 2606 nas
287 2571 459 2605 scelerum
491 2566 658 2602 daturum
682 2567 919 2611 Iugurtham,
951 2566 982 2601 si
1005 2566 1108 2600 modo
1129 2565 1179 2599 dii
1202 2577 1321 2609 preces
1344 2575 1426 2599 snas
1448 2564 1605 2600 audiant.

198 2631 266 2667 Cui
289 2630 480 2666 sententiae
497 2628 586 2663 adeo
618 2632 797 2672 repugnat
820 2627 1084 2668 coniunctivns,
1117 2631 1157 2661 ut
1181 2626 1378 2661 necessario
1401 2626 1508 2660 etiam
1532 2625 1606 2660 sine

196 2692 299 2727 libris
333 2692 458 2727 reddet
485 2689 709 2726 scribendum
744 2689 808 2731 sit;
840 2687 1048 2733 praesertim
1079 2699 1187 2732 quum
1218 2687 1269 2722 ita
1292 2690 1454 2732 assurgat
1479 2686 1606 2728 oratio,

198 2757 236 2789 nt
259 2753 405 2789 fratrem
429 2754 612 2789 mortuum
642 2752 811 2802 tanquam
835 2750 1051 2794 praesentem
1075 2748 1288 2794 alloquatur.
1335 2748 1435 2785 Nihil
1469 2751 1521 2784 est
1543 2759 1607 2783 au-
