1716 2996
265 183 356 239 362
638 190 1306 251 G.SALLUST1'GRISP1-
1353 244 1364 253 ,

207 310 613 373 ‚4aggrediuntun
684 312 812 357 Idem
867 313 1027 374 plebes
1079 314 1211 375 facit,
1258 299 1377 376 pare*
1409 316 1560 363 edocti
1598 317 1659 362 'ab

268 409 524 466 nobilitate,
560 410 634 453 alii
664 409 810 454 studio
846 410 999 455 talium
1033 427 1186 457 rerum
1219 413 1400 471 incitati,
1427 415 1525 473 quis
1560 421 1660 459 acta

271 507 595 566 consiliumque
637 507 946 568 ignorantibus
991 509 1204 555 tumultus
1249 510 1347 572 ipse
1392 515 1437 556 et
1458 525 1540 573 res
1572 526 1659 556 no·

270 619 353 650 vae
388 604 489 650 satis
523 603 780 665 placebant.

362 771 397 817 ς.
420 771 456 807 3.
478 774 513 806 et
536 772 582 819 4„
617 773 736 807 domos
758 772 863 818 suas]
895 773 935 807 Iu
969 772 1104 817 aliquot
1137 773 1238 809 codd.
1263 773 1301 807 in
1336 772 1495 808 additum
1515 771 1659 818 legitur,

268 833 363 877 quod
386 833 528 877 quidem
551 845 621 869 non
646 834 775 868 falsum
801 838 882 876 est,
911 834 971 868 sed
995 845 1064 869 non
1093 835 1339 870 necessarium.
1385 834 1476 870 Nam
1500 833 1660 879 vulgaris

268 896 464 938 structura,
489 905 558 937 qua
583 895 704 929 domus
726 906 795 929 vox
817 894 893 928 sine
915 894 1172 940 praepositione
1193 896 1352 940 ponitur,
1382 894 1583 939 saepissime
1604 906 1660 929 re-

269 954 417 997 tinetur,
453 955 515 988 ubi
539 956 595 989 vel
619 956 875 1000 possessivum,
900 957 958 990 vel
982 955 1216 998 adiectivnm,
1238 956 1299 990 *vel
1322 955 1498 1002 genitivus
1523 955 1660 990 additus

269 1018 343 1056 est;
370 1015 416 1050 cf.
440 1016 578 1060 Zumpt.
604 1017 681 1052 Lat.
702 1018 862 1054 Gramm.
883 1019 918 1061 §.
940 1015 999 1060 71,
1023 1016 1056 1050 8.
1082 1020 1153 1052 not.
1179 1016 1216 1051 3.
1245 1029 1278 1061 p.
1301 1017 1383 1051 319.
1407 1011 1544 1052 ed.‘IV.
1570 1015 1658 1051 Sall.

267 1076 346 1121 Ing.
369 1075 524 1118 LXXVI,
547 1077 582 1113 6.
630 1080 761 1113 Aurum
786 1085 891 1124 atque
923 1083 1112 1124 argentum
1147 1078 1323 1112 domum
1351 1079 1458 1124 regi
1468 1089 1536 1112 am
1567 1089 1659 1114 eom-

265 1141 421 1182 portant.
446 1136 532 1181 Nep.
558 1139 678 1183 Pelop.
703 1140 758 1181 11,
782 1138 816 1173 5.
865 1140 925 1173 Illi
949 1128 1130 1173 duodecim
1156 1158 1201 1165 —
1226 1139 1399 1174 domum
1430 1138 1660 1173 Charonis

268 1198 493 1233 devenerunt.
515 1198 602 1234 San.
625 1200 701 1234 cat.
728 1199 888 1240 xxvm,
915 1200 948 1234 1.
975 1199 1049 1233 cnc.
1072 1199 1163 1245 Epp.
1187 1201 1229 1235 aa
1249 1201 1388 1237 Fam-n.
1413 1186 1659 1242 1v{⁷,1o.-

225 1258 229 1276 “
267 1259 338 1293 Pro
361 1260 528 1302 inermos,
561 1261 654 1304 quod
688 1272 768 1294 cnm
796 1259 917 1294 Cortio
947 1259 1104 1303 plerique
1128 1272 1247 1296 omnes
1271 1262 1473 1303 ediderunt,
1505 1258 1659 1302 restitui-

268 1331 348 1354 mus
378 1321 538 1363 inermis,
566 1332 672 1365 quam
705 1322 857 1355 formam
881 1331 1000 1355 omnes
1024 1320 1122 1370 codd.
1154 1325 1314 1364 tuentur,
1346 1319 1499 1365 exceptis
1522 1319 1659 1354 duobus

267 1381 389 1424 Bivii,
424 1382 508 1416 Bas.
533 1381 568 1415 1.
599 1381 696 1417 Leid.
732 1385 768 1416 et
795 1380 908 1416 Paris.
942 1393 973 1416 z.
1009 1381 1241 1426 primitusque
1273 1382 1324 1417 ita
1355 1381 1526 1426 scriptum
1551 1378 1660 1414 fuisse

268 1442 463 1477 clarissime
485 1446 581 1487 patet
610 1454 653 1477 ex
682 1443 815 1477 Vimar.
840 1442 890 1484 2.,
923 1442 986 1476 ubi
1018 1442 1134 1477 scriba
1164 1454 1229 1487 pro
1254 1443 1395 1477 inermis
1418 1440 1512 1475 dedit
1537 1441 1574 1474 in
1597 1429 1659 1473 nr-

267 1504 360 1543 mis‚·
384 1503 430 1537 cf.
454 1503 498 1537 ad
522 1502 627 1536 Catil.
652 1503 744 1542 LIX,
765 1502 800 1537 5.
830 1514 864 1547 p.
881 1501 963 1537 318.
985 1522 1033 1528 —
1056 1503 1100 1537 ln
1123 1503 1189 1537 tali
1212 1503 1269 1537 die
1291 1502 1376 1537 satis
1399 1501 1659 1537 illustravimus

266 1563 313 1598 ad
337 1564 412 1599 Cat.
436 1563 596 1607 XLVIII,
615 1562 649 1598 5.
674 1575 708 1607 p.
732 1563 815 1597 222.
861 1564 1051 1608 Perperam
1075 1563 1185 1608 igitur
1207 1563 1379 1598 Gruterus
1401 1562 1527 1608 probat
1550 1561 1659 1596 omis-

265 1635 343 1659 sam
366 1625 404 1658 in
427 1624 723 1669 praepositionem
754 1624 791 1659 in
821 1624 897 1658 cod.
931 1625 1120 1670 Bongars.,
1155 1624 1213 1658 cui
1233 1624 1369 1659 accedit
1393 1623 1512 1659 Guelf.
1538 1622 1573 1657 3.
1597 1622 1658 1657 Vi-

265 1696 355 1719 mar.
381 1684 414 1718 2.
438 1686 563 1722 —JJe
586 1696 652 1719 usu
675 1685 750 1720 sine
771 1685 1042 1730 praepositionis
1064 1696 1098 1719 v.
1123 1684 1168 1720 ad
1190 1696 1222 1720 c.
1244 1685 1345 1730 LIV,
1364 1684 1399 1719 6.
1423 1703 1470 1709 -
1493 1685 1546 1717 De
1568 1687 1657 1718 strn-

266 1748 369 1779 ctura
389 1754 474 1790 pars
498 1745 651 1780 edocti
676 1756 708 1780 v.
731 1745 777 1779 ad
801 1757 831 1781 c.
857 1746 930 1789 XV,
952 1746 986 1780 2.
1002 1768 1048 1773 —-
1065 1746 1149 1789 Quis
1171 1745 1210 1779 h.
1231 1744 1258 1779 l.
1282 1756 1391 1790 paene
1414 1755 1533 1779 omnes
1556 1745 1657 1779 codd.

263 1806 424 1848 habent,
463 1805 683 1849 paucissimis
723 1806 887 1851 exceptis.
924 1826 971 1831 —
1002 1807 1081 1851 Ipse
1113 1807 1138 1842 i.
1170 1818 1201 1842 e.
1231 1817 1296 1851 per
1327 1817 1386 1846 σας
1420 1806 1466 1841 cf.
1501 1806 1594 1841 infra
1623 1818 1655 1843 c.

265 1867 440 1908 LXXXV,
464 1866 522 1903 31.
546 1866 743 1908 LXXXIX,
765 1866 800 1901 5.
832 1870 868 1901 et
890 1878 980 1910 quae
1003 1866 1247 1906 annotavimus
1271 1866 1316 1900 ad
1340 1878 1370 1900 c.
1394 1867 1478 1908 LII,
1502 1867 1534 1902 1.
1567 1868 1656 1902 Goe-

265 1939 360 1962 renz.
384 1927 430 1962 ad
454 1927 527 1963 Cic.
554 1927 596 1961 de
619 1927 720 1961 Finn.
744 1928 814 1972 111,
840 1925 882 1970 5,
909 1927 966 1963 16.
989 1928 1033 1962 de
1057 1928 1167 1973 Legg.
1193 1927 1231 1970 1,
1255 1926 1312 1970 18,
1334 1925 1391 1962 48.
1442 1928 1567 1963 Omnes
1591 1929 1659 1964 viri

266 1990 346 2024 boni
368 1990 511 2034 ipsam
534 1988 746 2034 aequitatem
770 1994 804 2023 et
827 1989 880 2023 ius
903 1975 1050 2033 ipsum'
1073 1992 1204 2022 amant.
1227 1987 1277 2022 ib.
1299 1988 1360 2031 ΙΙΙ,
1377 1987 1436 2032 14,
1458 1987 1516 2023 31.
1533 1988 1658 2024 Schel-

255 2051 331 2084 .ler.
356 2049 458 2099 01238·
480 2061 514 2094 p.
540 2049 622 2084 223.
649 2049 893 2094 &ysam-Art.
918 2049 1042 2084 Latine
1065 2049 1240 2084 scribendi
1261 2061 1295 2093 p.
1319 2048 1379 2084 54.

357 2111 496 2148 van.
528 2111 562 2156 §.
594 2111 627 2146 l.
676 2110 827 2145 Romani
853 2130 897 2136 —
925 2111 1125 2156 trepidare,·
1157 2111 1206 2145 ad
1236 2122 1352 2145 arcem
1371 2128 1416 2135 --
1441 2110 1657 2156 praesidium

265 2172 435 2213 hostium5
457 2172 549 2216 etc.]
592 2170 707 2206 Huius
737 2171 807 2206 loci
836 2170 1072 2216 interpunctio
1107 2171 1192 2205 olim
1226 2171 1331 2205 valde
1362 2169 1548 2205 obscurata
1578 2169 1657 2204 fnit.
1684 2180 1692 2181 ’

265 2233 318 2268 Ita
341 2233 434 2267 enim
458 2232 599 2268 Cottius
621 2244 701 2267 cum
726 2232 904 2277 prioribus
936 2232 1129 2267 editoribus
1151 2233 1241 2266 haec
1264 2231 1372 2266 verba
1394 2229 1550 2275 scripsit=
1584 2230 1656 2263 Ro-

265 2295 364 2328 mam·
378 2314 424 2320 —
441 2294 620 2339 trepidare
642 2294 690 2328 ad
713 2305 831 2328 arcem
855 2294 995 2339 oppidi,
1019 2294 1079 2328 ubi
1101 2295 1208 2339 signa
1231 2299 1265 2328 et
1287 2298 1387 2328 acuta
1411 2296 1531 2332 erant,-
1550 2302 1657 2336 prae-

265 2356 392 2390 sidium
415 2356 583 2397 hostium,
611 2359 736 2400 portae
768 2359 850 2389 ante
874 2355 1015 2389 clausae
1037 2357 1171 2400 fugam
1191 2354 1440 2400 prohibebant5
1471 2355 1537 2386 etc.
1586 2351 1656 2385 Sed
1692 2372 1703 2381 ·

265 2416 451 2468 quominus
487 2418 582 2451 hanc
620 2416 889 2462 interpungendi
923 2416 1095 2451 rationem
1128 2426 1248 2450 veram
1282 2419 1462 2460 putemus,
1479 2458 1484 2470 Ι
1501 2412 1656 2457 primum

265 2478 384 2514 obstat
405 2477 462 2512 vis
485 2481 521 2512 et
543 2488 626 2511 usus
649 2477 827 2522 trepidare
851 2477 972 2520 verbi,
1004 2477 1096 2521 quod
1118 2475 1294 2522 signifieat
1312 2474 1514 2520 perturbato
1539 2473 1655 2507 animo

271 2543 305 2574 et
337 2537 421 2583 quid
453 2538 631 2582 agendum
664 2539 711 2572 sit
745 2539 858 2572 nescio
890 2539 956 2572 huc
979 2539 1060 2572 illuc
1083 2549 1120 2572 se
1151 2541 1285 2571 vertere
1315 2541 1349 2570 et
1373 2535 1586 2575 discurrere,-
1609 2533 1654 2567 cf.
1708 2580 1712 2584 Ι

268 2610 375 2644 supra
398 2610 429 2635 c.
453 2599 646 2639 XXXVIII,
670 2597 704 2633 5.
754 2599 920 2640 Romani,
941 2598 1091 2643 perculsi
1110 2597 1261 2631 tumultu
1284 2596 1444 2655 insolib
1467 2606 1571 2629 arma
1595 2605 1655 2629 cu-

265 2672 348 2706 pere
372 2659 448 2703 alii,
470 2659 536 2694 olii
557 2670 595 2694 se
618 2660 756 2701 obdere,
778 2670 864 2704 pars
886 2658 1026 2693 territos
1042 2659 1262 2700 confirmare‚·
1285 2656 1523 2702 trepidare
1545 2655 1654 2690 omni-

190 2760 197 2772 ,
268 2722 330 2756 bus
354 2721 447 2758 locis.
479 2732 510 2755 c.
534 2719 713 2762 LXXXV,
739 2719 797 2754 10.
844 2719 956 2753 Homo
987 2718 1113 2752 veteris
1141 2718 1328 2763 prosapiae
1349 2737 1395 2744 —
1418 2718 1455 2752 in
1487 2723 1590 2755 tanta
1616 2728 1653 2751 re
1705 2709 1710 2735 ¹

255 2777 468 2830 ¹ignarus
500 2781 698 2817 omnium
728 2779 970 2826 trepidat,
996 2780 1158 2823 festinat.
1205 2777 1366 2814 Plurima
1396 2790 1438 2815 ex
1470 2778 1571 2815 Livio
1593 2788 1652 2823 po-
1704 2776 1708 2782 '
