1702 2982
432 170 793 229 memmii
855 183 994 229 cAP.
1023 184 1192 229 xxm
1431 190 1515 231 141

126 315 204 358 ως
246 316 428 363 prorsus
471 302 664 347 intentus
709 306 870 346 cuncta
912 316 1089 362 parare.
1159 300 1397 347 Adherbal
1431 303 1547 350 ubiz

122 399 341 460 intellegit
378 398 520 460 omnis
561 369 674 443 suas*
699 397 899 443 fortunas
934 398 981 442 in
1017 405 1221 443 extremo
1253 398 1380 456 sitas,
1422 398 1513 444 ho·-

125 501 251 541 stem'
273 465 508 552 infestum,
552 493 685 556 auxili
719 509 848 555 spem
893 495 1086 552 nullam,
1127 495 1320 556 penuria
1360 510 1512 541 rerum

125 591 474 638 necessariarum
507 591 678 636 bellum
713 590 831 636 trahi
857 607 947 636 non
987 607 1147 653 posse,
1199 607 1255 637 ex
1301 591 1393 649 his,
1436 593 1514 652 qui

125 705 216 735 una
261 689 433 735 Cirtam
488 688 811 748 profugerant,
866 688 979 734 duos
1030 703 1238 734 maxume
1290 689 1512 751 impigros

123 840 244 870 metu
275 839 340 871 aut
367 837 530 881 praemia
559 836 838 872 ostentando
869 839 1027 870 avortere
1055 836 1102 870 ab
1132 836 1295 871 hostibus.
1318 837 1450 879 LXVI,
1475 837 1512 873 1.

123 897 477 942 σίυἰιαίίσ,ᾳιιαε“αὺ
511 908 548 931 se
583 897 808 941 dejecerant,
833 897 1098 942 formidine
1130 903 1195 932 aut
1230 899 1512 932 ostentando

118 958 332 1002 praemia
356 958 534 1003 affectare.
557 957 644 992 ibid.
667 959 700 1000 §.
724 957 760 992 2.
794 959 869 992 dies
883 960 1001 1001 sentus
1023 958 1175 991 lusum
1200 963 1233 993 et
1258 958 1513 992 lasciviam
1542 979 1547 981 -

122 1018 260 1063 magis,
290 1030 395 1063 quam
420 1019 726 1063 formidinem
750 1019 959 1054 ostentabat.
982 1018 1030 1052 cf.
1051 1018 1160 1053 etiam
1184 1018 1229 1052 ad
1247 1029 1278 1052 c.
1304 1018 1512 1060 Lxxxvn,

120 1077 155 1120 1.
187 1078 282 1122 Quid
307 1080 462 1122 formido
494 1079 636 1124 proprie
664 1079 857 1124 significet,
888 1083 923 1114 et
953 1080 1128 1123 quomodo
1161 1090 1184 1114 a
1206 1083 1301 1113 metu
1323 1078 1513 1113 aetimare

119 1138 261 1174 differat
293 1139 445 1174 diximus
475 1141 521 1175 ad
552 1152 583 1176 e.
606 1140 757 1181 Lxxn,
781 1140 815 1174 2.
840 1158 885 1165 —
910 1141 1079 1185 Arrigere
1103 1144 1155 1175 est
1177 1140 1215 1174 in
1238 1138 1336 1173 Leid.
1362 1139 1401 1173 L.
1425 1139 1511 1174 Bas.

121 1199 154 1234 l.
188 1199 300 1235 Puris.
322 1212 354 1235 ι.
377 1200 459 1237 Seu.
482 1202 516 1237 1.
538 1201 574 1236 2.
599 1201 712 1236 Mark.
736 1203 779 1235 Λ.
803 1200 927 1235 Pemb.
953 1200 996 1234 Β.
1023 1201 1128 1235 Publ.
1153 1201 1259 1236 Rern.
1282 1200 1317 1235 3.
1342 1211 1384 1235 ac
1406 1195 1511 1246 prae-

119 1264 217 1296 terea
236 1261 274 1296 iu
296 1261 540 1307 duodeviginti
562 1261 674 1297 Cortii
695 1264 731 1295 et
754 1260 860 1304 longe
882 1260 1042 1304 plurimis
1075 1262 1220 1296 Italicis.
1267 1261 1409 1296 Relicui
1441 1263 1511 1298 ha-

119 1321 203 1357 bent
231 1323 388 1370 erigere,
428 1323 520 1366 quod
553 1322 692 1357 Gor-tius
723 1320 827 1355 unice
860 1331 983 1354 verum
1015 1321 1195 1356 iudicavit.
1253 1323 1333 1367 Quo
1366 1322 1511 1358 differat

118 1385 304 1428 utrumque
326 1383 472 1429 verbum
494 1382 643 1416 diximus
667 1382 711 1416 ad
736 1382 813 1416 Cat.
837 1381 1008 1424 XXXIX,
1032 1382 1067 1418 3.
1090 1394 1125 1427 p.
1150 1383 1220 1418 183
1255 1395 1328 1427 sq.;
1360 1394 1449 1427 quae
1479 1384 1512 1419 si

117 1447 202 1477 vora
232 1447 334 1488 suut,
372 1443 531 1488 arrigere
553 1442 628 1476 sine
650 1442 758 1476 dnbio
781 1442 867 1476 hnic
890 1442 970 1476 loco
992 1444 1310 1488 accommodatius,
1335 1444 1511 1488 siquidem

115 1501 311 1547 Iugurthae
335 1503 467 1539 milites
501 1515 570 1538 non
593 1502 743 1538 demisso
767 1506 803 1537 et
826 1501 961 1536 abiecto
984 1503 1104 1537 animo
1129 1505 1288 1547 fuerunt,
1322 1510 1361 1540 ut
1382 1505 1512 1540 confir-

117 1561 209 1596 mari
241 1566 277 1598 et
306 1564 424 1599 attoni
456 1563 657 1605 debuerint,
689 1563 750 1597 sed
781 1573 824 1596 eo
858 1562 1004 1597 consilio
1030 1574 1052 1597 a
1075 1564 1163 1599 duce
1185 1565 1394 1600 inflammati
1417 1572 1510 1610 sunt,

117 1624 158 1655 ut
189 1621 328 1656 virtutis
358 1634 524 1659 memores
554 1624 719 1658 alacriter
750 1634 839 1667 opus
868 1623 1156 1668 aggrederentur.
1212 1627 1269 1661 lta
1294 1628 1388 1671 apud
1430 1627 1507 1663 Liv.

110 1682 220 1725 vm,
243 1682 308 1727 37,
329 1683 365 1720 2.
388 1683 612 1728 quantumvis
634 1683 774 1717 Cottius
797 1693 860 1727 pro
884 1684 1022 1729 erigere
1044 1685 1154 1720 verbo
1176 1690 1328 1732 pugnet,
1351 1688 1510 1723 scriben-

117 1742 203 1777 dum
226 1746 298 1778 este
321 1746 494 1780 arrecti
515 1746 564 1779 ad
586 1744 786 1779 bellandum
809 1743 918 1777 animi
940 1750 1040 1788 sunt,
1078 1745 1104 1781 i.
1129 1758 1160 1780 e.
1186 1749 1341 1782 animum
1362 1751 1509 1794 appule-

116 1808 199 1839 runt
230 1804 279 1838 ud
309 1804 387 1839 beu.
409 1824 458 1833 -
480 1806 624 1841 Prorm
653 1803 909 1849 explicavimus
940 1805 985 1839 ad
1018 1806 1096 1842 Cat.
1134 1808 1216 1851 XV,
1248 1808 1284 1844 5.
1319 1821 1352 1854 p.
1377 1810 1435 1845 7⁷.
1460 1811 1508 1845 cr.

115 1863 210 1899 infru
230 1865 353 1908 XXX,
373 1865 408 1901 3.

207 1926 242 1967 §-
272 1925 310 1961 2.
366 1925 554 1972 intellegit]
591 1926 806 1961 confirmant
836 1925 928 1960 hanc
958 1926 1110 1962 formam
1143 1929 1251 1964 Fabr.
1283 1930 1317 1964 1.
1350 1930 1435 1966 Bas.
1472 1931 1507 1966 1.

115 1983 196 2019 Seu
228 1985 262 2020 1.
286 2005 330 2011 —-
358 1987 476 2021 Omnis
507 1998 590 2020 suas
612 1989 779 2029 fortunas
810 1986 847 2021 in
880 1988 1046 2031 plurimis
1068 1989 1170 2025 libris
1196 1995 1267 2032 θείς
1299 1990 1415 2026 ιιιίιιοι·
1436 2004 1508 2027 nu-

117 2050 234 2080 merus
257 2045 396 2097 inverso
419 2046 540 2081 ordine
562 2047 670 2081 habet
692 2047 804 2081 omnis
818 2049 985 2091 fortunas
1009 2061 1103 2085 suas.
1127 2070 1170 2076 —
1198 2052 1268 2086 Pro
1291 2054 1508 2088 necessaria-

115 2116 192 2139 rum
213 2105 310 2140 hund
334 2106 438 2150 pauci
461 2107 561 2142 codd.
584 2108 766 2142 ostendunt
787 2110 1041 2153 necessarium,
1064 2122 1171 2155 quam
1187 2112 1335 2158 genitivi
1350 2114 1507 2149 formam

117 2165 254 2200 eortius
285 2178 455 2211 perquam
487 2166 684 2202 inconsulto
722 2167 808 2202 ferri
841 2179 941 2212 posse
965 2173 1301 2214 censet3ad1‘eetiva
1323 2174 1418 2209 enim
1440 2186 1505 2220 ge-

116 2225 265 2260 nitivum
298 2227 390 2270 plur.
422 2226 460 2260 in
494 2238 553 2261 um
589 2228 793 2263 terminasse
823 2230 922 2263 nullo
953 2231 1056 2274 plane
1085 2234 1246 2278 exemplo
1280 2237 1506 2281 comprobari

115 2289 248 2332 potest,
282 2299 396 2332 neque
426 2287 724 2323 substantivorum
754 2300 837 2323 usus
870 2301 937 2334 pro
968 2298 1177 2336 argumento
1213 2299 1288 2339 est,
1330 2297 1507 2334 adiectiva

115 2347 262 2381 eandem
296 2347 500 2393 analogiam
533 2349 641 2393 sequi.
700 2349 855 2384 Insoleus
888 2361 1003 2393 crror,
1037 2357 1076 2386 ut
1107 2358 1200 2388 recte
1233 2356 1323 2392 vidit
1353 2358 1507 2402 Cottius,

114 2406 196 2441 inde
217 2411 339 2450 natus,
363 2408 457 2452 quod
479 2408 617 2443 scribae
640 2409 852 2445 adiectivum
876 2413 1083 2456 compendio
1106 2415 1272 2459 scriptum
1296 2417 1342 2452 ud
1376 2419 1504 2454 bellum

114 2469 306 2516 traxerunt.
337 2487 383 2493 —-
418 2468 474 2502 Ex
504 2469 574 2503 his
605 2469 744 2505 Cottius
776 2475 870 2506 recte
898 2472 1038 2517 scripsit
1068 2486 1112 2509 cx
1145 2477 1308 2520 plurimis
1339 2479 1411 2513 suis
1441 2492 1505 2524 pro

114 2513 261 2571 vulgato
285 2539 325 2561 es
349 2528 429 2569 iis‚·
452 2540 487 2563 V.
510 2540 618 2573 supra
639 2530 685 2564 ad
707 2542 739 2565 c.
763 2532 867 2574 xlv,
889 2531 923 2566 8.
957 2553 1005 2559 -
1039 2535 1135 2571 Duos
1164 2549 1303 2574 summo
1335 2551 1504 2575 consensu

116 2595 234 2622 omnes
263 2588 362 2623 codd.
392 2593 529 2632 tenent,
563 2590 767 2626 nihilomius
798 2593 938 2628 Cortius
969 2595 1037 2629 duo
1068 2597 1225 2642 scripsit,
1260 2604 1299 2634 ut
1331 2611 1436 2644 supra
1468 2613 1499 2636 c.

116 2646 218 2690 XXI,
250 2648 285 2682 4.
316 2650 416 2684 ambo
446 2661 512 2694 pro
543 2652 672 2685 ambos.
702 2672 738 2678 —
765 2653 908 2698 Delegit
930 2655 1181 2698 explicavimus
1203 2659 1248 2694 ud
1273 2659 1352 2693 Cat.
1374 2660 1439 2701 Vl,
1463 2659 1500 2694 6.

116 2706 161 2739 cf.
195 2709 353 2752 exempla
383 2721 406 2744 u
433 2711 701 2748 Drakenborch.
733 2713 779 2748 ad
810 2713 887 2748 biv·
920 2715 1006 2758 vn,
1041 2716 1110 2760 25,
1135 2718 1191 2752 13.
1217 2724 1252 2753 et
1276 2719 1320 2753 ad
1344 2720 1414 2763 lx,
1440 2721 1500 2763 17,

116 2764 172 2801 15.
209 2771 396 2819 consens,
418 2771 511 2816 Aug.
532 2771 704 2808 Matthias
728 2773 773 2808 nd
797 2773 870 2808 Cic.
896 2787 930 2820 p.
954 2775 1032 2812 Mil.
1055 2789 1090 2814 c.
1112 2777 1155 2821 8,
1179 2778 1236 2813 23.
1261 2797 1306 2805 -—-
1331 2779 1402 2814 Pro
1422 2782 1498 2823 pol-

747 2826 768 2845 Ρ
