1716 2996
213 164 301 206 896
584 161 631 203 C.
663 159 987 203 SALLUSTI
1019 158 1249 204 CRISPI.

171 282 332 325 4utres
361 276 498 322 modo
535 282 580 321 et
615 276 700 321 alia
748 291 894 335 aquae
930 260 1092 322 idonea
1140 277 1323 338 portari.
1392 277 1603 330 Emeter-

213 392 269 422 ea
313 374 536 434 conquirit
571 388 627 418 ex
663 373 784 434 agris
826 388 962 432 quam
996 373 1237 434 plurimum
1265 379 1416 455 potest
1449 374 1605 427 domiti

212 473 408 536 pecoris,
444 485 592 530 eoque
625 470 816 532 imponit
842 485 948 515 vasa
981 470 1197 531 cuiusque
1225 471 1364 529 modi,
1392 471 1475 517 sed
1507 472 1604 533 ple-

211 623 349 669 oppido.
399 622 451 656 Eo
488 621 629 656 Curtius
661 626 843 666 permotus
866 625 939 665 est,
973 627 1013 655 ut
1045 621 1156 655 verba
1183 621 1216 656 si
1238 621 1312 656 eius
1334 623 1452 668 oppidi
1471 621 1605 667 potita·

206 690 304 729 jorot
328 683 427 718 uncis
449 682 663 725 includeret,
686 683 721 717 in
743 687 827 717 nota
850 682 1057 716 subiiciens:
1081 681 1196 724 „nihil
1220 683 1360 725 verius,
1385 692 1491 726 quam
1514 681 1605 715 haec

212 747 259 781 ab
282 746 402 791 glossa
426 756 501 777 esse
524 744 720 788 profecta-‘⁶
768 743 836 777 Sed
861 743 925 777 has
948 754 1062 788 nugas
1085 755 1180 786 esse,
1208 742 1447 779 verissimum!
1606 779 1608 782 y

304 809 337 850 ἓ.
362 807 397 841 3.
445 807 599 840 iumenta
631 805 775 839 sarcinis
809 805 956 839 levari
986 805 1100 846 iubet,
1136 805 1231 839 nisi
1257 808 1494 849 frumento
1528 802 1602 837 die-

211 880 288 903 rum
324 867 463 912 decem]
493 867 563 901 Per
602 867 777 910 quandam
817 865 1059 900 attractionem
1090 866 1270 911 zeugmati
1303 866 1447 900 affinem
1481 863 1602 904 levari,

158 938 162 942 ·
210 930 305 975 quod
332 928 443 973 priori
474 931 612 962 tantum
640 927 800 960 membro
822 926 1005 969 convenit,
1038 926 1146 961 etiam
1181 927 1226 961 ad
1248 926 1420 972 posterius
1441 926 1601 959 refertur.

212 990 340 1025 Sensus
365 993 417 1023 est
441 989 552 1022 enim:
576 988 675 1022 iubet
698 988 905 1032 iumentis„
914 988 1081 1022 detractis
1103 987 1271 1030 sarcinis,
1293 1000 1362 1022 non
1384 987 1497 1021 maius
1519 997 1604 1020 onus

211 1051 354 1096 imponi,
375 1061 482 1094 quarn
508 1050 722 1084 frumentum
746 1049 865 1083 decem
889 1049 1048 1091 dierum3
1071 1059 1163 1093 quae
1184 1048 1354 1084 sententia
1376 1058 1418 1082 eo
1440 1045 1604 1088 efficitur,

211 1113 303 1157 quod
328 1110 424 1145 notio
449 1110 683 1144 minuendi
708 1111 820 1144 oneris
852 1109 1070 1155 impositi
1102 1113 1340 1144 commutatur
1362 1120 1441 1143 cum
1465 1107 1606 1142 notione

208 1173 348 1220 parvi
371 1172 484 1205 oneris
508 1171 781 1215 imponendi.
806 1189 850 1194 —
876 1172 998 1215 Aquae
1023 1171 1116 1205 deest
1143 1170 1178 1204 in
1209 1171 1326 1205 Gueif.
1349 1171 1383 1207 3.
1407 1173 1441 1205 et
1463 1169 1536 1205 Ino.
1554 1168 1603 1210 2.,

210 1233 303 1278 quod
329 1231 465 1266 Curtius
489 1243 673 1276 perperam
698 1231 833 1274 probat.
871 1231 968 1265 Licet
992 1231 1086 1264 enim
1110 1231 1254 1267 idoneus
1273 1230 1507 1277 grammatico
1529 1229 1604 1264 sino

208 1306 293 1329 casu
320 1293 401 1338 poni
435 1293 564 1337 possit,
598 1296 718 1326 tamen
748 1290 785 1325 h.
809 1292 834 1326 1.
860 1290 936 1336 ipsa
960 1303 1017 1326 res
1038 1293 1192 1336 postulat
1215 1303 1330 1338 oquae
1354 1291 1459 1335 addi,
1494 1301 1602 1335 quum

208 1351 285 1391 sirie
307 1365 350 1389 ea
372 1364 458 1388 voce
479 1353 652 1387 sententia
675 1352 823 1386 obscura
855 1352 992 1387 evadat.
1019 1372 1065 1378 —-
1099 1346 1241 1388 Port‘ari
1268 1353 1431 1388 absolute
1461 1352 1602 1397 quidem

206 1416 360 1462 'positum
385 1417 455 1455 est,
480 1412 531 1447 ita
554 1416 694 1454 tamen,
719 1415 758 1446 ut
777 1412 820 1447 ad
844 1412 1051 1448 sententiam
1073 1415 1278 1459 explendam
1302 1413 1516 1460 cogitatione
1537 1413 1601 1448 ad-

209 1479 314 1513 datur
338 1476 382 1510 ab
406 1474 582 1510 iumentis.

227 1578 230 1581 ,
301 1540 334 1582 §.
358 1536 393 1572 4.
442 1548 547 1581 eoque
578 1535 743 1581 imponit]
775 1534 828 1569 Ita
860 1538 956 1578 recte
980 1534 1088 1570 edidit
1111 1533 1260 1577 Cottius,
1307 1534 1514 1570 Gerlachins
1535 1546 1610 1580 que.

209 1599 361 1642 abiecit,
396 1597 494 1632 codd.
520 1597 645 1631 Heuss.
676 1596 757 1631 Sen.
781 1596 813 1630 2.
846 1596 1019 1631 Commel.
1054 1596 1150 1631 Leia.
1174 1597 1216 1631 L.
1251 1596 1345 1631 Med.
1368 1595 1404 1631 2.
1426 1595 1462 1631 7·
1486 1594 1518 1631 8.
1546 1594 1600 1629 in-

207 1661 367 1696 consulto
389 1662 538 1693 secutus.
585 1659 637 1692 De
658 1661 836 1692 structura
858 1658 1032 1703 imponere
1055 1657 1156 1692 verbi
1179 1657 1329 1692 diximus
1353 1657 1397 1692 ad
1411 1669 1444 1692 c.
1460 1656 1598 1698 xm'n,

207 1723 245 1758 2.
287 1723 340 1756 Eo
374 1720 509 1755 scilicet
539 1719 747 1755 adverbium
770 1723 841 1762 est,
874 1719 918 1753 ad
950 1730 1032 1753 eum
1064 1719 1208 1754 modum
1240 1721 1465 1761 usurpatum,
1494 1728 1599 1769 quem

205 1782 464 1820 illustravimus
488 1781 533 1815 ad
556 1780 662 1816 Catil.
686 1781 727 1823 V,
751 1779 786 1814 2.
804 1783 840 1814 et
862 1780 907 1813 ad
932 1780 1010 1825 lug.
1034 1781 1131 1823 XIII,
1155 1779 1190 1815 5.
1212 1798 1255 1806 -—
1284 1780 1356 1819 Sed
1378 1783 1460 1813 ante
1477 1779 1598 1824 plem-

205 1856 273 1893 que
296 1842 417 1878 omisit
439 1840 598 1884 Cottius,
627 1840 717 1875 nihii
749 1841 791 1875 de
811 1840 884 1875 suis
915 1841 1015 1875 codd.
1039 1841 1166 1875 dicens.
1212 1841 1283 1877 Nos
1307 1851 1389 1875 eum
1408 1838 1598 1874 Ges-lachin

205 1904 464 1946 revocavimus,
487 1914 596 1947 quum
620 1901 725 1947 pauci
749 1905 884 1937 tantum
907 1900 1003 1944 libri,
1026 1913 1137 1945 neque
1160 1900 1187 1936 ii
1207 1901 1416 1936 auctoritate
1431 1900 1597 1945 insignes,

206 1967 390 2014 ignorent,
421 1976 540 1999 sensus
569 1968 688 1999 autem
720 1963 824 1998 valde
860 1962 1100 2005 commendet,
1133 1961 1262 2007 quippe
1292 1973 1362 2007 quo
1392 1971 1598 2007 praegressa

205 2028 314 2063 dictio
348 2027 392 2062 ad
425 2024 665 2072 angustiorem
705 2024 883 2070 quandam
922 2023 1099 2059 notionem
1136 2023 1381 2070 astringunt-3
1421 2033 1457 2058 v.
1488 2021 1535 2056 ad
1564 2033 1593 2055 c.

206 2089 378 2132 Lxxxv,
402 2086 458 2122 15.

298 2153 332 2194 ς.
364 2148 398 2185 5.
456 2147 597 2183 Metello
632 2146 826 2190 dederant]
863 2146 1045 2181 Dederont
1078 2156 1198 2180 omnes
1228 2146 1302 2180 fero
1331 2143 1416 2179 libri
1450 2142 1595 2185 habent,

206 2211 308 2246 euius
331 2211 410 2245 loco
442 2209 479 2243 in
509 2207 765 2252 antiquioribus
796 2208 874 2244 edd.
905 2207 1040 2253 legitur
1069 2208 1296 2251 dediderant,
1328 2204 1420 2250 quod
1443 2203 1596 2238 Weisius

204 2284 315 2317 nuper
341 2270 503 2316 repetiit;
536 2271 598 2304 scd
629 2270 666 2304 id
695 2268 781 2303 huic
814 2269 892 2304 loco
923 2268 1069 2304 minime
1099 2271 1220 2313 aptum
1251 2278 1326 2302 osse
1355 2265 1530 2311 intelliges
1551 2275 1593 2306 ex

204 2337 290 2370 nota
311 2333 356 2368 ad
380 2344 411 2367 c.
436 2331 595 2373 xxxu,
623 2329 658 2366 5.
683 2342 717 2375 p.
741 2329 822 2366 198.
846 2350 892 2356 —
931 2330 1093 2372 Metello,
1118 2328 1209 2372 quod
1233 2338 1352 2362 omnes
1373 2326 1472 2362 codd.
1494 2329 1593 2360 tucn—

204 2402 282 2437 tur,
316 2394 465 2429 fortasse
489 2392 645 2427 offendat
675 2391 850 2436 aliquem,
885 2403 994 2436 quum
1019 2395 1094 2426 tota
1115 2388 1311 2426 enunciatio
1334 2388 1377 2424 ad
1409 2386 1592 2422 Metellum

204 2456 389 2492 referatur.
437 2453 506 2488 Sed
537 2463 752 2497 quamquam
784 2451 900 2487 dicere
930 2451 1060 2496 possis,
1092 2448 1308 2496 negiigentia
1338 2446 1493 2483 auctoris
1515 2446 1594 2481 Μο-

208 2517 286 2553 teni
307 2526 455 2556 nomen,
477 2513 638 2558 proximo
664 2514 772 2548 verbo
795 2515 944 2558 imperat
967 2515 1179 2554 contentum,
1203 2510 1238 2544 in
1261 2507 1467 2543 secundaria
1483 2518 1592 2542 enun-

207 2578 361 2615 ciatione
392 2575 520 2611 iterum
553 2574 707 2618 positum
740 2574 870 2617 fuisse,
906 2576 1022 2607 tamen
1044 2569 1300 2617 perspicuitatis
1328 2579 1450 2603 caussa
1479 2567 1515 2602 id
1539 2569 1594 2602 fa-

205 2644 302 2676 ctum
325 2650 400 2674 esse
421 2636 590 2672 concedas
605 2661 616 2679 ‚
648 2647 759 2681 quum
782 2633 1002 2680 pronomini,
1035 2632 1125 2677 quod
1150 2641 1230 2665 cum
1254 2630 1423 2665 dederant
1449 2627 1591 2663 coniun-

207 2704 331 2747 gatur,
366 2698 428 2734 vix
456 2699 556 2733 locus
585 2697 644 2732 sit.
673 2717 710 2723 -
746 2697 817 2732 Pro
843 2699 1002 2741 portaret
1032 2693 1171 2727 Cottius
1212 2703 1253 2726 ex
1284 2702 1352 2725 uno
1385 2690 1503 2739 Gueif.
1535 2688 1593 2726 11.

206 2761 345 2808 scripsit
378 2763 590 2810 portinent,-
627 2757 721 2803 quod
765 2768 827 2795 cur
863 2755 1095 2791 damnandum
1134 2753 1179 2789 sit
1214 2752 1366 2789 diximus
1404 2751 1448 2787 ad
1487 2749 1590 2786 Catil.
