1716 2996
115 273 386 330 epostremo
422 266 583 323 omnia,
621 282 737 325 quae
771 268 1115 330 imperarentur,
1151 271 1319 321 facere2
1386 274 1550 333 Neque

153 364 366 411 Metellus
394 363 560 407 iccirco
587 364 746 423 minus,
780 365 860 409 sed
885 367 1054 426 pariter
1081 383 1135 412 ac
1164 369 1202 413 si
1231 369 1385 415 hostes
1415 371 1550 417 ades-

149 155 236 195 264
525 149 571 192 o.
602 149 926 201 SALLUSTI
955 151 1181 198 CRISPI
1672 92 1716 277 ἱ

1694 276 1716 420 ’2

1708 488 1716 543 ἓ

156 468 269 522 sent,
305 461 476 506 munito
511 461 694 521 agmine
729 462 954 520 incedere,
989 464 1080 508 late
1116 467 1352 526 explorare
1389 469 1551 528 omnia,

156 560 233 604 illa
268 558 504 604 deditionis
540 559 670 619 signa
716 561 907 605 ostentui
942 561 1154 620 credere,
1201 570 1247 616 et
1279 565 1447 610 insidiis
1480 565 1554 610 lo-

121 670 264 710 7cum
307 655 482 700 tentari.
550 655 710 714 ltaque
745 656 842 717 ipse
877 673 979 702 cum
1023 660 1244 719 expeditis
1280 652 1585 722 cohortibuss

159 756 270 800 item
303 752 581 798 funditorum
617 759 663 798 et
689 754 1021 814 sagittariorum
1058 756 1235 804 delecta
1258 773 1396 804 manu
1431 754 1555 820 aliud

164 934 288 958 comm.
309 926 400 967 port.
424 921 693 967 interpretatur:
727 935 856 959 comm.
879 925 916 960 in
939 930 1035 960 certa
1056 925 1135 962 loca
1157 927 1204 960 ab
1226 926 1444 972 imperatore
1466 926 1559 962 desi·-

163 987 275 1030 gnata
289 982 448 1024 deferre,
471 995 578 1028 quam
602 984 872 1028 explicationem
891 998 1034 1031 prorsus
1057 986 1205 1022 mirifice
1228 988 1405 1023 contendit
1425 989 1504 1024 loco
1527 1001 1559 1024 c.

163 1044 304 1085 LXXV,
321 1042 358 1078 5.
380 1044 569 1078 monstrari
594 1056 636 1078 ac
658 1045 807 1081 firmari.
831 1066 876 1073 -—
901 1048 1076 1082 Postremo
1100 1059 1133 1082 v.
1156 1049 1202 1083 ad
1225 1060 1258 1083 c.
1283 1051 1375 1093 XVI,
1398 1050 1432 1085 3.

258 1106 291 1147 §.
316 1103 351 1138 6.
399 1106 531 1140 munito
557 1108 725 1152 agmine]
759 1110 813 1143 Ita
849 1110 996 1144 Tacitus
1027 1109 1166 1143 Annnll.
1192 1110 1293 1153 xm,
1315 1110 1376 1154 40,
1398 1111 1445 1147 2.-
1480 1111 1564 1147 Non

165 1166 297 1212 ignaro
323 1165 410 1199 duce
433 1173 570 1209 nostro,
595 1169 655 1212 qui
678 1170 788 1204 viae
820 1172 1006 1215 pariter
1037 1174 1078 1204 et
1098 1182 1284 1216 pugnae
1307 1183 1563 1217 composne-
1611 1189 1626 1203 ι

167 1232 243 1261 rat
274 1227 539 1262 exercitum.
575 1229 663 1263 Sall.
686 1231 766 1276 lug.
791 1232 830 1270 C,
857 1233 889 1267 1.
938 1232 1008 1266 Sed
1029 1232 1165 1275 pariter
1195 1237 1301 1277 atque
1323 1233 1361 1266 ἰη
1383 1238 1564 1278 conspectu

168 1289 318 1323 hostium
342 1301 363 1334 q
372 1301 395 1322 u
403 1300 426 1322 a
435 1289 486 1345 dr
497 1301 519 1323 a
528 1295 542 1324 t
552 1302 571 1323 ο
596 1301 619 1324 α
628 1302 656 1335 g
665 1303 699 1325 m
707 1291 719 1325 ἰ
727 1301 750 1322 n
760 1301 778 1324 e
801 1290 972 1324 incedere.
1021 1292 1208 1336 Quomodo
1229 1297 1348 1327 autem
1362 1293 1422 1328 hic
1436 1305 1565 1340 agmen

169 1351 341 1384 munitum
364 1349 496 1393 fuerit,
521 1354 645 1384 auctor
668 1362 749 1384 mox
772 1353 921 1384 enarrat.
948 1351 1064 1386 Con-r.
1079 1371 1125 1376 —-
1150 1353 1310 1392 ostentui
1333 1356 1472 1391 credere
1488 1356 1513 1391 i.
1529 1367 1562 1392 e.

171 1412 312 1446 credere
346 1412 561 1446 ostentui
600 1423 718 1454 esse,
748 1411 823 1445 sive
855 1411 972 1456 specie
1004 1411 1146 1455 quidem
1182 1415 1374 1458 ostentari,
1406 1417 1466 1450 sed
1495 1428 1566 1451 non
1704 1440 1716 1467 -ῒ

172 1483 256 1505 vere
288 1473 450 1515 bonoque
481 1471 600 1505 animo
634 1472 729 1506 facta
757 1483 844 1507 esse.
890 1472 1078 1507 Structura
1107 1484 1177 1507 non
1206 1474 1344 1510 diversa
1367 1480 1418 1511 est
1439 1477 1485 1511 ab
1508 1488 1565 1521 ea,
1708 1462 1716 1501 i

173 1543 280 1576 quam
303 1531 559 1566 illustravimus
578 1532 622 1566 ad
645 1544 676 1567 c.
700 1532 828 1573 xxw,
853 1532 910 1566 10.
935 1544 967 1576 p.
993 1533 1087 1576 147„
1113 1537 1175 1569 aut
1197 1546 1220 1570 a
1242 1540 1396 1584 cognata
1416 1537 1568 1575 dictione

174 1595 329 1629 obtentui
359 1605 452 1635 esse,
485 1593 528 1626 de
559 1604 630 1637 qua
660 1604 694 1628 v.
720 1594 817 1627 Cort.
844 1593 888 1628 ad
919 1594 1069 1640 Fragm.
1093 1595 1246 1632 Historr.
1269 1598 1299 1639 1,
1321 1596 1378 1640 15,
1400 1596 1483 1645 ’ἐξά
1507 1599 1569 1633 sed

174 1667 285 1700 quum
308 1655 452 1700 vulgari
483 1664 549 1688 usu
582 1655 733 1688 ostentm·
762 1666 832 1689 esse
865 1655 1039 1700 significet
1073 1667 1184 1691 vanae
1211 1658 1269 1693 vel
1295 1659 1467 1703 superbae
1487 1660 1570 1706 glo-

174 1716 319 1752 riationi
352 1715 542 1758 inservire,
589 1715 780 1750 Sallustius
813 1727 906 1751 novo
939 1717 1065 1759 modo,
1104 1729 1317 1763 quamquam
1344 1720 1571 1765 proprietatis

174 1777 488 1820 retinentissimus,
529 1777 743 1811 vocabulum
780 1788 823 1811 eo
857 1789 958 1811 sensu
991 1779 1128 1822 posuit,
1168 1783 1207 1814 ut
1237 1780 1411 1825 significet
1441 1793 1570 1817 vanam

176 1839 330 1884 speciem
354 1838 540 1882 exhibere,
563 1839 620 1873 cui
644 1839 775 1873 veritas
797 1849 867 1872 non
889 1836 1106 1882 respondeat.
1125 1859 1172 1866 —·
1197 1842 1344 1876 Tentari
1361 1853 1442 1876 cum
1465 1843 1569 1888 Bipp.

175 1900 381 1944 scripsimus
414 1911 456 1933 ex
490 1900 552 1934 Fr.
587 1899 759 1934 Gronovii
792 1898 1013 1941 coniectura3
1043 1901 1143 1936 codd.
1169 1901 1263 1936 enim
1287 1913 1406 1937 omnen
1429 1887 1571 1939 tentare

178 1961 366 2005 exhibent,
402 1961 493 2005 quod
529 1961 627 1995 nullo
658 1962 764 1995 modo
795 1961 1003 2005 persuadere
1033 1962 1134 1996 nobis
1174 1974 1358 2007 possumus
1390 1964 1450 1998 hic
1483 1964 1571 2000 ferri

177 2033 298 2067 posse,
318 2033 427 2066 quum
451 2016 648 2061 subiectum
670 2022 769 2058 desit.
817 2023 1025 2067 Interpretes
1051 2023 1194 2067 quidem
1215 2010 1335 2059 omnes
1351 2024 1572 2067 contendunt,

178 2094 285 2128 quum
311 2083 347 2116 in
374 2088 550 2118 structura
573 2083 765 2118 accusativi
786 2094 867 2117 cum
889 2083 953 2118 inf.
985 2094 1091 2128 saepe
1122 2084 1316 2119 subiectum
1338 2084 1463 2119 lectori
1484 2096 1572 2130 sup-

178 2145 343 2189 plendum
366 2145 602 2189 relinquatur,
626 2145 716 2179 nihil
740 2144 880 2179 facilius
904 2156 1002 2187 esse,
1038 2155 1143 2188 quam
1167 2149 1207 2180 ut
1227 2145 1266 2179 h.
1289 2145 1316 2178 l.
1348 2145 1588 2194 Iugurtham,v

179 2206 240 2240 vel
263 2218 340 2250 eoS,
365 2207 423 2240 vel
448 2208 546 2249 illos,
571 2207 628 2240 vel
651 2207 839 2251 quosdam,
871 2207 930 2240 vel
953 2206 1066 2240 hostes
1089 2206 1263 2250 suppleas.
1311 2205 1381 2240 Sed
1405 2218 1514 2250 quum
1535 2207 1574 2242 in
1600 2199 1604 2202 ’

180 2267 390 2312 antegressis
422 2267 666 2302 tantummodo
699 2268 741 2301 de
772 2267 918 2301 Metello
951 2267 1110 2308 dicutur,
1147 2277 1191 2301 uc
1221 2278 1366 2311 prorsus
1399 2267 1491 2303 nibil
1514 2268 1572 2310 uit,

179 2329 272 2363 unde
295 2329 448 2363 hostium
473 2329 530 2363 vel
553 2330 750 2375 Iugurthae
780 2329 974 2363 subiectum
999 2331 1136 2372 petatur
1166 2327 1300 2371 (inepte
1329 2327 1423 2362 enim
1444 2328 1574 2379 Gerltl-

182 2388 284 2424 chius
320 2400 507 2433 personam
541 2402 584 2424 ex
609 2389 728 2424 verbis
758 2390 908 2424 ostentui
940 2400 1013 2424 esse
1043 2389 1136 2423 sumi
1166 2399 1266 2432 posse
1298 2388 1452 2431 censet),
1481 2387 1575 2425 nihil

182 2450 311 2484 certius
339 2453 411 2491 est,
443 2462 550 2493 quam
580 2453 713 2485 tentari
744 2451 964 2484 scribendum
997 2461 1092 2492 esse,
1135 2460 1204 2493 quo
1234 2452 1409 2495 structura
1441 2447 1575 2492 optime

184 2512 354 2557 procedit.
401 2511 454 2544 Ad
481 2522 683 2555 perversam
716 2512 922 2546 sententiam
955 2522 1055 2545 suam
1087 2509 1330 2546 stabiliendam
1361 2506 1576 2546 'Gerlachius

183 2573 346 2619 pessimis
368 2571 538 2616 exemplis
563 2572 695 2613 utitur,
727 2577 894 2616 corrupto
915 2572 1046 2612 altero,
1072 2569 1177 2605 Catil.
1201 2570 1258 2609 LI,
1282 2567 1339 2604 4⁰.
1366 2569 1426 2604 ubi
1450 2581 1498 2614 v.,
1521 2570 1576 2605 al-

184 2638 261 2670 tero
285 2634 422 2676 alieno,
445 2633 525 2678 Ing.
549 2633 670 2674 cxlv,
694 2633 741 2674 2,,
765 2633 894 2677 quippe
918 2631 979 2666 ubi
1003 2630 1150 2665 subiecti
1183 2629 1317 2674 ellipsis
1350 2630 1491 2665 facilem
1515 2642 1576 2666 ex-

183 2695 401 2730 cusatiauem
427 2694 473 2730 ab
496 2693 776 2729 antecedentibus
798 2692 915 2727 verbis
936 2693 1089 2732 habeat,
1113 2691 1204 2734 quod
1226 2691 1492 2727 constructionis
1513 2703 1579 2739 ge-

182 2766 250 2791 nus
273 2754 530 2790 illustravimus
552 2743 598 2789 nd
623 2754 727 2788 Catil.
745 2754 877 2799 XXXI,
901 2753 936 2787 7.
982 2754 1022 2788 1n
1050 2753 1104 2790 ed.
1136 2753 1219 2788 min.
1248 2756 1364 2788 tamen
1386 2752 1465 2799 ipso
1486 2753 1578 2788 hm

1709 1901 1716 1906 ι
1708 1791 1716 1835 ...ς-
1714 1731 1716 1733 .
1706 1680 1710 1683 ·
