1702 2982
211 168 270 209 σε
586 167 633 211 c
661 149 991 211 SALLUs‘m
1022 167 1245 212 CRISP1

214 298 304 343 que
333 289 511 344 tempus
540 283 599 328 ad
630 290 865 344 utramque
900 301 996 329 rem
1034 285 1315 342 decernitur,
1353 285 1435 331 sed
1460 292 1608 331 matu-

214 380 304 424 rius
345 381 402 424 ad
439 382 676 441 pecuniam
722 382 1087 426 distribuendam.
1168 383 1336 444 Reguli
1367 383 1538 427 interea
1562 383 1608 427 iu

180 479 317 523 3loca
350 480 610 540 propinqua
642 479 859 524 thesauris
892 479 1002 523 alius
1040 480 1127 524 alio
1169 452 1446 525 concessere.
1512 479 1606 525 Sed

211 576 464 637 Hiempsal-
483 578 526 621 in
561 577 735 637 oppido
775 577 1016 621 Thirmida
1046 577 1164 622 forte
1203 578 1296 622 eius
1335 578 1474 622 domo
1503 585 1607 622 ute-

212 674 368 728 batur,
410 675 487 733 qui
517 689 762 735 proxumus
792 675 921 718 lictor
939 675 1188 736 Iugurthae
1208 689 1338 719 carus
1366 682 1606 735 acceptus-

212 787 302 830 que
333 773 374 815 ei
400 788 579 832 semper
611 771 781 825 fue1·at;
814 787 949 832 quem
978 773 1052 817 ille
1078 788 1184 816 casu
1207 772 1454 816 ministrum
1476 772 1606 816 obla-

210 874 305 912 tum
338 870 569 929 promissis
600 875 757 913 onerat
790 868 1099 929 impellitque,
1138 870 1201 914 uti
1228 875 1458 928 tamquam
1479 883 1605 913 suam

209 1007 316 1042 stium
342 1007 537 1051 scripsisse:
562 1007 598 1041 in
613 1008 739 1052 oppido
764 1007 897 1042 Cirta
923 1008 1153 1044 Numidae
1169 1010 1267 1052 forte
1290 1009 1365 1043 eius
1385 1011 1452 1043 etc.
1475 1007 1606 1041 nullius

209 1068 316 1112 pretii
339 1075 414 1110 est,
447 1080 560 1112 neque
593 1070 704 1103 ullam
738 1070 1002 1114 probabilitatis
1032 1070 1185 1114 speciem
1207 1070 1324 1105 habet.
1369 1068 1503 1113 Quodsi
1521 1067 1606 1112 quid

208 1129 245 1163 in
269 1141 308 1163 re
331 1134 476 1164 narrata
509 1131 733 1165 obscuritatis
767 1131 875 1173 inest,
906 1131 998 1175 quod
1033 1143 1102 1165 non
1125 1129 1350 1176 negaverim,
1371 1129 1410 1163 id
1431 1141 1502 1164 nou
1525 1129 1604 1164 Sal-

207 1190 316 1225 lustio
340 1191 564 1225 tribuendum
589 1195 693 1235 puto,
726 1191 787 1225 sed
817 1203 944 1236 parum
976 1191 1183 1237 perspicuae
1205 1191 1460 1233 Numidarum,
1482 1201 1505 1225 a
1526 1189 1604 1234 qui-

207 1252 275 1287 bus
297 1253 387 1286 haec
410 1252 559 1294 habuit,
583 1253 789 1287 narrationi.

301 1315 335 1356 §.
362 1313 396 1348 3.
441 1325 633 1358 proxumus
664 1314 778 1358 lictor]
803 1314 902 1358 Apud
928 1315 1108 1348 Romanos
1130 1314 1306 1358 proximus
1329 1315 1430 1349 lictor
1451 1313 1604 1348 vocaba-

206 1378 265 1411 tur
288 1361 338 1417 is,
371 1375 432 1419 qui
462 1374 498 1408 in
532 1375 622 1408 serie
652 1369 886 1409 incedentium
922 1375 1064 1409 ultimus
1100 1378 1194 1416 erat,
1218 1374 1466 1419 magistratum
1488 1375 1603 1419 ipsum

205 1436 427 1480 praecedens.
452 1447 485 1469 v,
522 1437 618 1469 Cort.
643 1436 688 1470 ad
711 1436 748 1470 h.
771 1437 796 1470 l.
829 1436 1006 1470 Drakenb.
1039 1435 1083 1470 ad
1110 1435 1186 1470 Liv.
1210 1436 1337 1477 xxn',
1360 1434 1418 1477 44,
1436 1435 1492 1469 1⁰.
1510 1435 1602 1480 Lips.

205 1498 317 1532 Elect.
340 1498 368 1539 1,
393 1497 451 1532 23.
500 1495 571 1530 Sed
602 1508 710 1540 quum
743 1497 915 1532 Romanis
946 1497 1050 1530 valde
1080 1496 1250 1531 usitatum
1279 1499 1368 1531 esset
1396 1507 1462 1530 sua
1484 1495 1602 1541 magi-

205 1562 380 1594 stratuum
405 1559 577 1593 vocabula
597 1559 644 1592 ad
679 1559 770 1593 alios
794 1559 941 1602 populos
964 1557 1176 1598 transferre,
1208 1568 1277 1601 quo
1307 1556 1460 1591 similem
1495 1557 1603 1591 modo

205 1631 282 1654 rem
305 1620 562 1666 significarent,
588 1620 778 1655 Sallustius
802 1619 932 1653 lictoris
954 1617 1095 1652 nomine
1115 1618 1224 1652 latius
1244 1622 1383 1662 patente
1406 1617 1559 1662 aliquem
1583 1627 1604 1652 e

205 1693 354 1716 numero
388 1681 599 1722 satellitum,
635 1682 695 1725 qui
729 1681 938 1726 Iugurtham
970 1678 1134 1713 comitari
1164 1679 1343 1720 solebant,
1364 1679 1516 1724 intelligi
1539 1690 1602 1714 vo-

206 1744 294 1786 luit,
319 1748 358 1778 ut
380 1749 475 1778 recte
498 1744 660 1777 viderunt
690 1743 813 1785 intprr.
861 1741 1043 1774 Proximus
1065 1740 1176 1785 igitur
1198 1751 1300 1774 sensu
1314 1739 1446 1783 pariter
1465 1740 1602 1774 variato

205 1809 257 1838 est
280 1804 329 1846 is,
363 1803 424 1848 qui
448 1815 533 1849 prae
555 1803 679 1839 ceteris
700 1803 894 1848 iugurthae
916 1813 971 1835 res
1001 1802 1147 1834 curabat
1169 1806 1205 1835 et
1226 1800 1372 1845 ,negotia
1392 1801 1599 1845 exsequeba-

205 1868 278 1900 tur.
301 1885 348 1891 —-
381 1866 428 1898 Εἰ
442 1892 453 1907 ,
488 1866 580 1910 quod
606 1865 640 1905 in
665 1865 731 1899 Vin
770 1864 805 1899 2.
832 1867 910 1908 post
933 1874 1068 1907 semper
1091 1861 1240 1905 legitur,
1267 1871 1290 1895 a
1313 1861 1429 1895 Guelf.
1457 1861 1491 1896 3.
1515 1873 1601 1896 vero

204 1927 323 1969 abest,
355 1927 495 1961 Cortius
520 1926 661 1960 delevit.
710 1925 812 1969 Quod
844 1912 1061 1969 quamquam
1081 1926 1214 1956 temere
1237 1923 1368 1956 factum
1384 1925 1458 1964 est,
1482 1927 1600 1957 tamen

207 2000 290 2023 cum
315 1988 508 2022 Gerlachio
539 1998 609 2020 non
638 1986 786 2020 dixerim
810 1985 939 2019 omisso
971 1983 1176 2028 pronomine
1195 1989 1431 2026 „structuram
1456 1983 1602 2018 durissi-

204 2052 338 2086 mam“
360 2050 458 2092 fieri,
482 2061 572 2093 quae
595 2052 688 2083 certe
711 2059 780 2082 non
805 2046 926 2080 durior
949 2050 1002 2079 est
1025 2055 1131 2088 quam
1155 2045 1191 2078 in
1207 2048 1370 2088 sequente
1392 2055 1516 2086 versu,
1539 2044 1600 2078 ubi

205 2113 360 2146 oblatum
384 2111 459 2145 sine
482 2110 601 2144 dativo
626 2110 797 2149 habetur,
829 2111 891 2142 aut
912 2105 950 2140 in
972 2105 1016 2139 iis
1039 2105 1207 2150 exemplis
1238 2116 1330 2150 quae
1351 2106 1535 2150 tetigimus
1555 2105 1600 2140 ad

205 2185 236 2207 c.
261 2174 290 2215 1,
313 2173 349 2210 3.
373 2177 407 2206 et
430 2173 474 2206 ad
500 2172 577 2205 Cat.
605 2171 661 2213 m,
683 2169 741 2203 28.
789 2168 857 2203 Sed
880 2167 996 2201 voluit
1010 2166 1052 2202 V.
1071 2169 1118 2202 1).-
1139 2167 1237 2200 haud
1257 2166 1361 2200 dubie
1384 2167 1500 2201 dicere
1522 2177 1601 2202 sen-
1633 2167 1635 2169 ’

203 2234 336 2270 tentiae
358 2232 642 2278 perspicuitatem
665 2230 883 2275 aliquantum
905 2227 1114 2273 pronomine
1137 2227 1313 2262 adiuvari.
1345 2227 1497 2262 Gravius
1518 2238 1599 2273 pec-

205 2298 330 2330 carunt
351 2295 521 2338 Bipontt⁸⁹
553 2292 613 2337 qui
649 2291 682 2326 εἰ
713 2292 758 2326 ad
781 2290 1024 2335 Hiempsalem
1047 2289 1224 2332 referunt,
1255 2292 1294 2322 ut
1317 2289 1368 2324 ita
1391 2299 1514 2323 caussa
1537 2277 1598 2323 nd-

205 2356 329 2398 datur,
351 2367 413 2389 cur
436 2354 570 2388 lictoris
593 2354 700 2387 domo
722 2364 806 2386 u.-us
828 2351 885 2386 sit.
934 2350 1004 2384 Sed
1030 2355 1274 2394 praeterquam
1297 2350 1389 2393 quod
1412 2349 1599 2384 sententia·-

204 2429 285 2454 rum
307 2428 416 2452 nexus
439 2415 536 2460 cogit
559 2416 650 2449 haec
672 2415 716 2448 de
739 2413 915 2458 Iugurtha
937 2411 1146 2456 intelligere,
1170 2415 1292 2455 aperte
1311 2413 1600 2456 repugnamforte

205 2479 443 2519 vocabulum,
479 2489 549 2520 quo
581 2475 770 2510 Sallustius
800 2484 961 2509 caussam
995 2472 1195 2517 significare
1227 2471 1348 2506 voluit.
1382 2490 1426 2497 -
1464 2471 1529 2506 ule
1554 2471 1598 2506 ad

205 2540 366 2586 proxime
394 2542 635 2582 antegressum
660 2548 785 2570 nomen
808 2536 961 2569 relatum
986 2531 1245 2567 illustravimus
1267 2531 1309 2565 ad
1337 2532 1414 2566 eat.
1439 2532 1543 2574 XLV,
1562 2532 1597 2567 2.

142 2614 146 2621 ·
205 2613 242 2646 p.
266 2600 349 2634 2⁴15.
368 2618 414 2624 ——
450 2599 629 2633 Promisaeis
657 2608 853 2631 onerare
889 2601 941 2629 est
973 2594 1135 2628 maximis
1159 2593 1355 2637 promissis,
1389 2603 1479 2635 quae
1503 2604 1598 2626 sum-

208 2673 307 2697 mum
331 2659 433 2704 quasi
454 2660 587 2705 pondus
611 2659 765 2692 habeant
786 2658 831 2691 ad
851 2657 1140 2700 persuadendum,
1166 2659 1308 2689 tentare.
1355 2653 1495 2687 Gortius
1517 2664 1597 2687 con-

207 2722 290 2758 tulit
313 2722 390 2755 biv.
418 2719 544 2760 XXlV,
569 2718 627 2760 13,
650 2717 685 2751 4.
735 2718 916 2751 Hannibal
939 2721 1162 2750 oneratos
1185 2714 1386 2759 ingentibus
1406 2714 1598 2758 promis-

209 2783 251 2819 si
263 2794 280 2818 a
312 2783 451 2819 domum
485 2781 602 2815 redire
636 2779 752 2821 iubet,
786 2778 849 2813 ubi
892 2778 997 2823 plura
1026 2775 1202 2823 congessit
1231 2774 1451 2809 Gebhardus.
1482 2772 1597 2809 Tacit.
