1716 2996
263 105 321 148 32
869 102 1046 147 INDEX

264 212 541 261 Eximqpost,
565 213 723 251 C...41
769 213 935 260 Ι.,.363

264 274 320 309 Ex
345 278 507 309 eventum
529 274 681 315 denotat,
705 272 735 307 Ι.
749 272 808 316 83,
825 272 860 307 3.

262 332 320 367 Ex
349 343 429 366 cum
457 330 680 366 substantivo
703 334 765 367 ant
794 333 919 366 neutro
945 329 1110 366 adiectivi
1139 342 1207 376 pro
1239 330 1436 375 adverbio,
1475 331 1656 378 c.8,1.

356 388 542 432 1.14‚11.

263 449 319 483 Ex
334 448 469 488 itinere,
499 458 539 481 ex
549 448 651 493 fuga
670 447 844 492 quomodo
860 446 1000 481 differat
1024 446 1102 480 ab
1087 459 1124 481 m
1145 446 1269 482 itinere
1295 449 1374 493 ete„
1402 448 1430 484 Ι.
1451 446 1510 494 54,
1526 448 1564 484 4.

263 507 320 540 Ex
339 504 512 540 sententia
535 503 560 538 i.
579 516 610 540 e.
630 506 722 541 nach
744 506 908 547 Wunsch,
935 504 967 539 Ι.
991 503 1072 547 109,
1092 503 1128 538 4.

262 566 320 600 Ex
345 562 454 598 animi
474 563 543 597 mei
558 563 730 597 sententia
749 562 962 598 contestandi
982 562 1156 605 formula,
1185 560 1217 596 Ι.
1240 560 1300 606 85,
1316 560 1377 605 27.

263 623 320 657 Ex
335 621 435 667 agris
449 620 631 665 praedari,
659 620 686 654 I.
708 619 767 665 88,
785 620 822 655 3.

261 681 320 715 Ex·
345 680 419 713 loco
446 678 554 720 abire,
580 676 609 711 Ι.
633 677 715 719 107,
740 677 776 712 2.

263 738 319 773 Ex
337 736 512 771 commodo
532 734 556 768 i.
577 747 610 779 q.
626 735 812 769 commoda
829 734 1010 770 occasione
1031 737 1162 779 oblata,
1194 738 1223 773 1.
1241 738 1299 782 82,
1314 739 1352 777 2.

262 796 320 831 Ex
337 795 518 829 voluntate
539 793 716 837 quomodo
730 791 874 830 differat
890 804 913 830 a
933 796 1127 842 voluntate,
1149 796 1180 833 I.
1198 796 1256 842 83,
1275 797 1312 833 3.

262 855 318 891 Ex
343 852 543 897 improviso,
568 850 598 885 Ι.
617 849 675 892 14,
689 849 725 885 4.

261 914 318 948 Ex
345 910 545 955 composito,
574 907 603 942 Ι.
625 906 683 950 83,
701 906 738 942 3.

262 972 318 1006 Ea:
339 970 475 1010 merito,
500 967 528 1002 Ι.
548 964 606 1009 85,
625 965 683 1000 37.

261 1030 470 1073 Exaequare
479 1027 589 1070 facta
609 1024 713 1060 dictis
736 1022 822 1068 quid
842 1021 899 1067 sit,
925 1023 963 1059 C.
980 1023 1016 1068 3,
1031 1024 1068 1061 2.

260 1085 463 1131 Exagitare
478 1082 579 1116 verbi
597 1081 739 1127 propria
755 1081 821 1125 vis,
852 1083 890 1117 C.
914 1082 971 1125 29,
989 1084 1022 1118 1.
1069 1082 1127 1129 38,
1154 1083 1191 1118 l.

260 1144 438 1179 Excellere
461 1141 504 1174 de
521 1151 560 1174 re
576 1141 672 1175 mala
690 1139 835 1183 dictum,
860 1140 899 1176 C.
923 1139 984 1182 37,
1003 1139 1040 1176 5.

262 1202 408 1238 Exciere
431 1202 466 1234 et
491 1199 644 1239 excitare
668 1197 826 1240 confusa,
853 1198 892 1232 C.
911 1197 973 1241 37,
986 1197 1022 1233 6.

262 1260 406 1296 Excitus
428 1260 462 1291 et
485 1255 668 1295 excitatus,
693 1252 723 1296 Ι.
741 1253 800 1295 72,
820 1254 855 1289 2.

262 1315 470 1354 Excruciari
496 1312 538 1347 tle
557 1311 755 1346 vehementi
773 1311 884 1346 animi
902 1312 1032 1348 affectu
1048 1312 1178 1355 dictum
1188 1340 1199 1359 ,
1227 1313 1256 1350 1.
1276 1314 1334 1361 82,
1351 1315 1387 1350 3.

261 1376 467 1420 Exemplum
491 1370 589 1406 vocis
607 1370 752 1414 propria
768 1373 932 1414 potestas,
955 1372 994 1406 C.
1014 1370 1072 1415 51,
1089 1373 1153 1411 2⁷.

261 1434 432 1478 Exempla
447 1431 548 1466 edere
567 1429 604 1463 ἰπ
623 1428 706 1473 aliq.
728 1427 752 1461 i.
769 1439 804 1472 q.
823 1429 981 1473 graviter
999 1429 1133 1474 punire,
1153 1430 1191 1465 C.
1208 1429 1267 1474 51,
1286 1423 1348 1467 27.

262 1495 432 1530 Exercere
449 1488 603 1532 aliquem
627 1485 652 1520 i.
672 1496 705 1530 q.
724 1486 904 1531 exagitare
919 1491 952 1522 et
969 1488 1136 1533 Fatigato,
1168 1489 1207 1524 G.
1227 1489 1284 1531 11,
1304 1490 1340 1525 1.

262 1554 432 1588 Exci-cere
452 1543 640 1581 victoriam
658 1544 682 1578 i.
710 1555 744 1588 q.
761 1543 910 1580 victoria
926 1545 1198 1591 intemperanter
1214 1547 1282 1591 nti,
1306 1548 1345 1583 0.
1364 1546 1423 1592 38,
1442 1548 1479 1586 4.
1509 1549 1538 1585 Ι.
1550 1549 1608 1596 16,
1617 1550 1651 1587 2.

261 1612 432 1647 Exercere
446 1602 628 1651 proprium
644 1603 856 1637 vocabulum
876 1604 919 1638 de
935 1603 1029 1648 odio,
1062 1605 1101 1639 G.
1124 1603 1186 1648 49,
1201 1604 1236 1640 1.

262 1666 446 1705 Exercitus
469 1660 644 1708 quomodo
663 1659 805 1695 differat
820 1662 866 1695 ab
885 1663 1107 1705 exercitatus,
1133 1663 1161 1699 Ι.
1181 1663 1240 1707 40,
1255 1663 1291 1700 5.
1337 1664 1396 1708 71,
1413 1664 1451 1703 1.

260 1726 446 1763 Exercitus
470 1721 654 1756 confusum
672 1729 753 1752 cum
779 1721 1007 1764 excruciatus,
1033 1720 1062 1755 Ι.
1083 1720 1142 1763 82,
1166 1721 1212 1757 3.,

260 1783 443 1821 Exercitus
468 1789 532 1823 pro
558 1775 683 1821 quavis
698 1776 933 1820 multitudine,
961 1779 1000 1813 C.
1018 1777 1077 1820 43,
1096 1779 1132 1814 1.

260 1842 414 1887 ‚Exigere
435 1838 547 1872 vitam
564 1835 740 1869 diversum
759 1835 804 1868 ab
823 1847 931 1882 agere
948 1836 1072 1877 vitam,
1092 1835 1120 1869 Ι.
1142 1835 1277 1879 14,15.

261 1899 483 1935 Existumare
496 1893 680 1937 quomodo
701 1892 842 1927 differat
858 1893 904 1928 ab
925 1898 1131 1938 aestumare,
1156 1894 1195 1929 C.
1214 1894 1251 1940 8,
1268 1895 1305 1933 2.
1350 1894 1409 1943 58,
1428 1870 1491 1934 18
1536 1898 1567 1935 1.
1589 1898 1650 1946 85,

352 1948 767 1994 14.107,1.110,5.

258 2013 483 2051 Existumare
506 2010 549 2044 de
571 2009 719 2043 Senatus
738 2008 885 2043 decretis
902 2011 1103 2055 usurpatur,
1130 2009 1172 2047 C.
1189 2008 1250 2058 51,
1267 2010 1327 2048 43.

259 2072 416 2108 Exitium
439 2070 462 2104 i.
480 2080 515 2113 q.
538 2066 662 2110 exitus,
691 2066 730 2102 C.
751 2065 811 2108 55,
832 2066 868 2101 6.

258 2130 442 2165 Exornare
464 2125 624 2159 absolute
648 2123 672 2158 i.
689 2135 722 2167 q.
739 2135 876 2168 parare,
900 2123 930 2158 1.
954 2122 1014 2167 90,
1041 2124 1076 2159 1.

259 2185 435 2231 Expedire
450 2194 486 2218 se
505 2182 531 2218 i.
549 2195 582 2227 q.
600 2192 728 2227 parare
741 2193 778 2216 se
796 2183 841 2216 ad
855 2193 1026 2226 pugnam,
1050 2183 1078 2216 Ι.
1096 2181 1176 2226 105,
1195 2184 1232 2221 4.

257 2244 453 2289 ,Ex-peditus
479 2239 657 2275 notionem
678 2239 868 2274 celeritatis
887 2239 1008 2281 hahet,
1039 2239 1078 2274 C.
1098 2239 1157 2284 57,
1175 2240 1211 2277 4.

258 2301 457 2347 Expeditae
475 2299 630 2334 cohortes
650 2298 780 2342 duplici
797 2308 900 2333 sensu
916 2297 1039 2340 dictae,
1070 2298 1097 2332 1.
1112 2297 1171 2344 50,
1190 2300 1226 2336 1.

259 2358 510 2404 Experimento
529 2356 553 2391 ἰ.
570 2368 602 2401 q.
626 2356 858 2398 Thatsaclzen,
887 2355 916 2389 Ι.
935 2353 995 2396 46,
1009 2354 1046 2388 3.

257 2416 421 2462 Experiri
441 2416 635 2450 libertatem
662 2413 688 2449 i.
710 2425 743 2458 q.
765 2413 876 2448 libere
892 2412 956 2456 uti,
982 2413 1011 2448 I.
1032 2412 1090 2456 31,
1115 2412 1152 2452 5.

258 2476 392 2519 Expers
420 2472 550 2515 duplici
570 2472 675 2506 modo
694 2475 944 2516 constructum,
971 2471 1010 2507 C.
1033 2470 1092 2517 33,
1109 2471 1144 2506 l.

259 2532 450 2577 Exquirere
467 2531 685 2573 sententiam,
713 2530 740 2564 I.
761 2529 819 2572 29,
837 2527 872 2564 5.

258 2589 460 2635 Exsanguis
488 2588 658 2622 translato
683 2599 796 2629 sensu,
820 2587 858 2621 C.
875 2586 935 2630 39,
946 2586 982 2621 4.

257 2648 471 2692 Exspectare
493 2645 702 2691 praegnanti
720 2656 823 2679 sensu
842 2644 986 2690 dictum,
1015 2644 1045 2681 Ι.
1067 2641 1125 2690 85,
1144 2643 1206 2682 20.

258 2705 445 2741 Exstruere
470 2714 568 2739 mare
591 2702 678 2748 quid
695 2701 752 2747 sit,
780 2703 818 2745 Q.
835 2701 893 2744 20,
916 2702 973 2740 11.
