1716 2996
230 180 316 220 841
402 215 406 217 a
602 177 646 220 C.
679 175 1009 223 SALLUSTI
1040 175 1256 220 CRISPI

368 291 535 338 LXIV.
606 292 748 353 Igitur
784 292 861 336 ubi
903 292 1074 338 Marius
1111 293 1359 355 haruspicis
1394 297 1513 342 (licta
1537 313 1618 343 eo·
1672 309 1691 312 ‘⁴

232 388 337 433 dem
373 389 606 433 intendere
650 389 795 449 videt,
826 364 932 448 Ῠ(1110
969 391 1136 451 cupido
1172 393 1304 436 animi
1343 392 1618 451 hortabatur,

232 487 290 530 ab
339 486 529 530 Metello
578 486 768 546 petundi
819 488 965 548 gratia
1016 489 1272 547 missionem
1319 498 1467 551 rogat.
1536 492 1620 537 Cui

232 598 508 642 quamquam
549 584 717 640 virtus,
763 585 909 644 gloria
951 591 1087 644 atque
1130 586 1217 630 alia
1258 588 1457 647 optanda
1493 588 1621 634 bonis

234 681 526 740 superabant,
564 687 713 724 tamen
755 682 897 725 inerat
939 688 1225 743 contemptor
1262 684 1434 729 animus
1469 691 1515 729 et
1546 680 1622 730 su—

195 777 417 838 2perbia,
453 793 691 822 commune
726 779 964 824 nobilitatis
994 780 1174 825 malum.
1243 781 1416 839 Itaque·
1427 782 1623 843 primum

236 881 489 920 commotus
524 876 698 920 insolita
731 891 782 920 re
817 876 965 920 mirari
1003 879 1095 922 eius
1135 878 1388 936 consilium,
1425 886 1471 924 et
1497 881 1623 938 quasi

236 1011 299 1043 aut
321 1009 414 1042 hunc
436 1009 473 1042 in
494 1008 616 1050 illum,
650 1012 712 1044 aut
733 1008 835 1043 illum
864 1010 900 1044 in
930 1010 1026 1043 hunc
1048 1010 1180 1044 mutari
1199 1005 1322 1054 unque
1344 1021 1444 1045 casus
1465 1011 1623 1056 aequari.

236 1069 426 1103 Praeterea
460 1074 656 1104 structurae
687 1082 799 1116 genus
832 1071 951 1114 paullo
983 1071 1098 1105 rarius
1129 1075 1165 1105 et
1186 1071 1377 1106 acrioribus
1398 1072 1626 1116 scriptoribus

235 1129 352 1175 magis
376 1130 543 1165 usitatum
565 1143 671 1175 quani
693 1132 869 1175 prioribus
892 1116 1054 1166 librarios
1075 1132 1226 1167 fortasse
1247 1134 1291 1167 ad
1309 1132 1538 1166 mutationem
1558 1133 1627 1167 im-

238 1191 346 1236 pulit3
375 1193 435 1226 sed
468 1194 625 1227 consulto
659 1192 869 1226 Sallustium
899 1191 950 1226 ita
982 1191 1099 1226 dicere
1133 1192 1299 1226 maluisse
1334 1205 1439 1237 quam
1471 1197 1627 1241 egregiis

146 1256 159 1269 ³
230 1254 371 1298 sactis,
406 1254 508 1288 valde
531 1254 723 1287 verisimile
746 1257 819 1293 est,
850 1263 959 1296 quum
983 1262 1154 1295 personae
1179 1253 1276 1287 notio
1306 1254 1546 1300 significanter
1567 1258 1627 1291 de·

238 1316 373 1349 clarata
395 1314 480 1348 huic
513 1315 595 1349 loco
621 1314 802 1358 aptissima
826 1313 882 1348 sit.
929 1312 1103 1348 Nonnulla
1126 1313 1231 1348 huius
1253 1319 1448 1351 structurae
1470 1318 1629 1362 exempla

237 1375 311 1410 iam
334 1376 518 1410 attulimus
544 1376 589 1409 ad
620 1374 723 1409 Catil.
747 1375 847 1417 LIII,
870 1373 905 1408 6.
937 1386 971 1418 p.
994 1373 1095 1416 286.;
1125 1375 1172 1408 cf.
1207 1376 1284 1421 Ing.
1318 1378 1382 1418 vl,
1407 1377 1442 1412 1.
1492 1378 1629 1413 Decom

235 1438 351 1482 facie,
385 1437 446 1471 sed
474 1437 582 1471 multo
616 1447 777 1470 maxume
817 1436 1009 1480 ingenio
1031 1435 1266 1469 validus?
1297 1437 1385 1470 Veli.
1418 1438 1473 1480 11,
1503 1439 1561 1480 41,
1588 1439 1626 1473 1.

243 1499 281 1533 C.
311 1499 442 1532 Caesar
466 1500 615 1542 sorma
648 1499 800 1532 onmium
833 1497 958 1530 civium
990 1497 1431 1542 excellentissimus,
1462 1500 1630 1544 vigore

239 1560 377 1606 ingenii
422 1559 681 1593 acerrimus
698 1584 711 1601 ,
752 1557 1086 1600 munificentia
1130 1558 1462 1601 effusissimae.
1512 1559 1629 1595 Tacit.

240 1622 329 1656 Anu.
356 1621 413 1665 11,
436 1620 502 1662 43,
526 1619 560 1653 2.
615 1619 771 1653 Tiberius
794 1620 916 1663 Syriae
943 1621 1166 1664 praefecerat
1197 1618 1257 1653 Cn.
1283 1619 1465 1665 Pisonem,
1489 1622 1631 1667 ingenio

241 1683 510 1716 violentum.
543 1691 578 1717 v,
610 1679 942 1717 Boetticherifflex.
975 1680 1092 1714 Tacit.
1125 1689 1159 1716 V.
1195 1680 1306 1716 ablat.
1337 1681 1372 1716 l.
1404 1693 1436 1725 p.
1467 1680 1502 1716 5.
1527 1701 1571 1708 —
1596 1683 1632 1716 1⁸

241 1753 313 1786 qua
335 1740 374 1775 vi
398 1741 531 1786 dictum
554 1741 601 1775 sit
623 1741 847 1787 exposuimus
879 1741 923 1775 ad
956 1742 992 1785 §.n
1013 1740 1047 1774 3.
1094 1740 1193 1776 Male
1219 1741 1323 1786 Bipp.
1358 1755 1399 1778 ex
1432 1744 1633 1779 coniectura

243 1802 416 1847 scripsere
448 1803 502 1837 Ιιίε
518 1827 529 1845 ,
563 1803 609 1837 ad
644 1803 863 1837 nobilitatem
893 1802 1093 1836 referentes.
1142 1800 1213 1835 Sed
1241 1794 1332 1836 liaeo
1355 1814 1423 1838 vox
1445 1804 1550 1839 nimis
1573 1817 1629 1839 re-

243 1868 342 1898 mota
364 1867 441 1908 est,
475 1872 591 1908 neque·
620 1864 741 1898 haberi
775 1874 798 1898 a
820 1862 908 1897 Sall.
934 1873 1016 1896 cum
1039 1861 1158 1896 dativo
1191 1862 1425 1908 coniungitur.
1472 1865 1633 1909 Denique
1700 1851 1709 1877 ’Ἴ

243 1926 298 1960 his
320 1937 423 1960 sensu
445 1930 570 1967 vacat,
595 1937 704 1969 quum
727 1936 835 1959 nexus
858 1924 1000 1968 doceat,
1025 1934 1094 1956 non
1116 1923 1205 1957 alios
1225 1935 1332 1967 quam
1354 1925 1489 1959 nobiles
1511 1937 1534 1960 a
1551 1926 1633 1960 Sal-

244 1986 350 2021 lustio
372 1985 577 2030 vituperari.
623 1987 789 2021 Ceterum
820 1984 974 2019 similem
1002 1985 1207 2018 senteutiam
1239 1990 1362 2020 auctor
1391 1985 1465 2020 iam
1486 1987 1635 2030 protulit

244 2047 282 2082 in
305 2047 410 2082 Catil.
436 2047 567 2088 XXIII,
590 2046 638 2090 6.,
663 2047 722 2080 sed
745 2058 811 2080 usu
834 2045 931 2079 vocis
954 2047 1107 2091 pollutus
1135 2047 1255 2090 paullo
1278 2046 1464 2083 variatam.

337 2108 459 2143 LXIV.
485 2108 519 2152 §.
543 2108 579 2142 1.
612 2119 678 2152 quo
702 2107 824 2151 cupido
844 2126 890 2132 ——
905 2107 1126 2152 hortabatur]
1154 2108 1228 2150 Quo
1249 2119 1318 2142 non
1340 2109 1482 2152 antique
1503 2107 1634 2142 dictum

245 2172 384 2213 est·pro
408 2170 457 2203 ad
481 2169 592 2213 quod,
617 2173 656 2203 ut
679 2167 890 2203 Gerlachius
914 2173 1024 2211 putat,
1047 2169 1107 2202 sed
1131 2169 1374 2203 concinnitatis
1396 2169 1477 2214 lege
1499 2169 1635 2212 nititur,

246 2230 305 2264 cui
338 2231 513 2264 interdum
546 2230 648 2264 inviti
677 2233 866 2274 paruerunt
900 2228 1073 2271 Romani;
1116 2230 1163 2264 cf.
1197 2230 1368 2272 LXXXI,
1401 2229 1460 2264 22.
1515 2230 1636 2274 Quare

246 2293 407 2335 exempla
426 2302 448 2325 a
473 2290 665 2325 Gerlachio
689 2290 810 2332 allata,
836 2289 906 2324 Cic.
927 2302 961 2334 p.
986 2290 1084 2324 Coel.
1108 2302 1138 2326 c.
1160 2291 1218 2333 21,
1241 2290 1299 2325 53.
1348 2290 1446 2324 Dixit
1466 2293 1633 2334 profecto,

246 2364 329 2398 quo
361 2353 466 2386 vellet
497 2363 643 2394 aarum,
677 2355 712 2386 et
741 2352 868 2386 Horat.
899 2351 974 2385 Sat.
999 2352 1034 2393 1,
1058 2352 1103 2394 1,
1126 2348 1184 2386 73.
1242 2352 1367 2387 Nescio
1400 2361 1483 2395 qua
1515 2351 1636 2385 valeat

247 2424 426 2455 nummuS,
449 2425 549 2458 quem
570 2414 743 2458 praebeat
765 2424 884 2453 usum,
907 2412 1053 2446 minime
1076 2414 1244 2455 probant,
1268 2424 1332 2456 per
1354 2422 1391 2445 se
1413 2422 1454 2444 ac
1477 2410 1552 2445 sine
1572 2412 1635 2446 tali

251 2485 394 2514 caussa,
418 2485 509 2517 quae
531 2474 567 2507 in
593 2474 681 2508 Sall.
707 2474 786 2508 loco
808 2473 959 2514 obtinet,
983 2473 1051 2507 dici
1079 2485 1196 2517 posse:
1221 2473 1293 2507 feci
1315 2473 1371 2514 id,
1402 2483 1468 2516 qno
1491 2483 1548 2505 me
1570 2473 1635 2506 ad-

252 2536 412 2569 hortatus
444 2538 506 2570 est.
554 2535 698 2570 Scilicet
730 2534 909 2569 nesciebat
941 2534 1151 2568 Gerlachius
1175 2533 1328 2578 primum
1351 2533 1388 2566 in
1411 2532 1563 2567 laudatis
1587 2534 1634 2568 ab

251 2596 327 2640 ipso
348 2594 437 2629 locis
459 2606 524 2640 quo
547 2595 841 2640 interrogativum
864 2606 959 2637 esse,
991 2595 1083 2639 apud
1107 2594 1194 2628 Sall.
1217 2606 1300 2628 vero
1321 2594 1530 2636 relativum,
1561 2598 1637 2630 tum

252 2668 340 2702 quo,
364 2656 400 2690 in
423 2655 671 2699 interrogando
695 2656 790 2689 haud
813 2667 893 2690 raro
917 2656 1081 2699 positum,
1105 2655 1156 2688 ita
1176 2654 1362 2699 usurpari,
1385 2658 1425 2688 ut
1447 2659 1636 2698 quaeratur

253 2716 297 2750 de
319 2717 459 2751 consilio
483 2718 517 2750 et
540 2727 604 2750 usu
627 2715 776 2750 alicuius
798 2716 870 2759 rei,
903 2727 971 2750 non
993 2716 1036 2749 de
1059 2727 1096 2750 re
1119 2717 1207 2759 ipsa.
1237 2735 1270 2741 —-
1308 2717 1379 2750 Pro
1404 2716 1550 2759 petundi
1570 2716 1636 2751 ali-

253 2789 325 2822 qua
347 2778 447 2813 codd.
470 2788 553 2822 pars
584 2777 692 2812 habet
715 2776 931 2811 consulatum
963 2777 1019 2810 vel
1051 2778 1248 2812 consulatue
1268 2777 1415 2822 petundi
1428 2777 1554 2822 ‚quod
1574 2786 1637 2812 cur
