1716 2996
1049 97 1059 115 ἱ

170 173 258 215 218
546 170 595 216 e.
624 170 943 217 SALLus‘rl
974 172 1195 218 clusin
1526 186 1547 197 κ
1590 158 1595 164 ’

135 287 235 332 Sita
269 286 433 333 delicta
460 288 707 333 occultiora
735 290 850 335 fore.
919 290 1096 336 Interea
1125 306 1211 352 per
1236 290 1439 338 homines
1468 294 1565 338 cal-

174 384 291 429 lidos
337 384 412 430 ‹lie
456 391 684 445 noctuque
728 387 972 433 exercitum
1014 389 1241 444 tentabat3
1285 390 1565 436 centuriones

176 482 408 542 ducesque
458 487 706 528 turmarum
752 485 919 545 partim
972 485 1038 530 uti
1081 488 1436 549 transfugerent!
1461 498 1566 532 cor-

174 594 390 640 rumpere
412 612 426 637 ‚
504 580 578 624 alii
630 580 759 641 signo
817 581 924 626 dato
977 582 1129 628 locum
1182 585 1246 628 uti
1297 584 1566 629 desererent.

172 698 287 735 bitant
300 704 422 735 utrum
438 700 566 735 delicta
578 701 662 736 Auli
676 713 720 736 an
736 703 934 748 Iugurthae
948 702 1175 751 intelligenda
1189 705 1276 748 sintg
1299 705 1388 740 illud
1401 704 1570 750 nangius,

173 761 245 796 hoc
269 762 461 795 Muellerus
483 765 518 796 et
542 761 645 806 Bipp.
672 766 838 800 statuunt.
886 765 983 800 Tum
1016 776 1060 800 ne
1091 767 1134 800 de
1165 778 1207 801 eo
1231 766 1373 810 quidem
1397 765 1568 801 consenti·

174 825 259 863 unt,
295 822 433 855 cuinam
457 823 587 858 delicta
610 826 846 867 occultentur5
883 826 1041 872 Langius
1064 826 1156 862 enim
1180 828 1311 863 milites
1334 825 1418 865 'Auli
1439 825 1570 862 intelli-

173 883 249 929 git3
274 883 399 918 relicui
426 884 532 919 tacite
554 885 598 920 de
621 887 817 929 Romanis,
840 887 867 922 i.
891 898 923 922 e.
947 888 990 921 de
1014 887 1170 931 Senatu,
1200 889 1258 923 cui
1281 888 1373 923 ratio
1394 888 1569 923 factorum

174 944 352 993 reddenda
375 949 473 987 erat,
496 946 655 992 cogitare
679 948 851 984 videntur.
899 949 1110 983 Gerlachius
1133 950 1302 994 denique,
1330 949 1391 994 qui
1414 960 1458 984 ex
1480 948 1569 983 scri-

142 994 149 1017 *
174 1010 301 1050 pturae
334 1006 508 1040 varietate
538 1008 690 1052 perspici
722 1008 772 1042 ait
804 1008 916 1043 verba
946 1009 992 1043 ab
1027 1009 1160 1044 insulso
1182 1010 1429 1046 Grammatico
1453 1014 1570 1045 usam

174 1078 287 1111 eoque
308 1066 480 1102 eiicienda
502 1078 590 1110 esse,
615 1069 786 1103 insulsum
810 1069 974 1103 criticum
999 1081 1037 1104 se
1059 1070 1224 1115 prodidit.
1269 1071 1392 1115 Neque
1415 1069 1509 1105 enim
1527 1070 1571 1107 de

175 1128 413 1171 traiiciendis,
448 1140 560 1173 neque
593 1131 636 1164 de
666 1129 879 1174 expellendis
899 1129 1017 1164 verbis
1039 1130 1271 1175 cogitandum·
1289 1136 1362 1174 est,
1397 1131 1570 1175 siquidem

174 1189 425 1225 sententiarum
447 1190 782 1225 nexu‘considerato
806 1195 914 1234 patet,
938 1192 1177 1226 antecedentia
1199 1193 1375 1227 nonsatis
1389 1192 1571 1237 perspicue

140 1267 151 1270 ·
175 1251 270 1287 dicta
300 1262 394 1292 esse,
427 1253 463 1285 et
493 1253 678 1296 quaedam
698 1250 910 1294 desiderari,
949 1252 1074 1295 quibus
1097 1263 1161 1286 cur
1183 1253 1359 1298 Iugurtha
1380 1254 1511 1300 Aulum
1533 1252 1570 1287 in

174 1313 313 1348 abditas
335 1312 498 1357 regiones
520 1312 695 1347 abducere
717 1312 889 1347 studuerit
918 1312 1124 1356 explicetur.
1169 1313 1317 1349 Consilii
1346 1324 1474 1349 caussa
1505 1325 1570 1349 an-

175 1377 246 1409 tem
269 1374 361 1408 haec
383 1377 480 1415 erat,
505 1377 544 1408 ut
567 1385 630 1416 ea,
653 1385 743 1418 qnae
766 1374 895 1407 Aulum
919 1377 1041 1408 contra
1064 1374 1169 1408 decus
1193 1374 1335 1420 imperii
1358 1375 1570 1409 delicturum

175 1438 357 1480 speraret,
382 1434 578 1469 occultiora
600 1436 734 1479 forent,
760 1446 804 1468 ne
829 1436 991 1476 Romae,
1015 1434 1044 1469 si
1069 1435 1151 1479 quid
1174 1435 1376 1470 detrimenti
1395 1423 1490 1471 esset
1511 1445 1571 1469 ac—

176 1500 339 1541 ceptum,
373 1499 471 1529 certo
495 1494 579 1529 sciri
603 1499 739 1539 posset,
769 1499 888 1530 utrum
912 1495 950 1529 id
973 1495 1071 1529 ducis
1092 1497 1218 1540 culpa,
1253 1508 1301 1532 an
1328 1498 1476 1532 adversa
1498 1497 1572 1531 for-

176 1562 263 1593 tuna
295 1557 491 1592 accidisset.
538 1555 630 1589 Nam
661 1555 692 1589 si
715 1555 864 1590 Senatus
891 1553 1091 1591 rescitisset
1111 1557 1244 1591 Aulum
1266 1569 1290 1593 a
1311 1558 1486 1604 Iugurtha
1514 1557 1572 1592 vel

176 1623 382 1663 corruptum
405 1618 462 1651 vel
484 1617 669 1659 deceptum
692 1627 769 1652 rem
792 1617 888 1651 male
910 1617 1080 1662 gessisse,
1111 1618 1284 1663 Iugurtha
1310 1619 1388 1664 ipse
1408 1618 1574 1664 perfidiae

176 1680 311 1715 crimen
335 1680 495 1725 effugere
520 1688 590 1711 non
613 1681 763 1722 poterat.
811 1678 932 1722 Quare
962 1678 1094 1712 delicta
1123 1677 1354 1725 intelligenda
1376 1683 1455 1714 sunt
1478 1679 1572 1721 Auli,

174 1754 261 1788 rege
293 1747 437 1776 auctore
467 1738 677 1780 commissa;
715 1739 905 1773 occultiora
937 1742 1058 1774 autem
1091 1739 1136 1773 ad
1168 1740 1370 1774 Romanum
1403 1740 1574 1775 Senatum

174 1807 320 1848 spectat.
367 1804 465 1843 lam,
491 1801 634 1846 opinor,
667 1801 746 1834 luce
767 1799 897 1834 clarius
919 1803 972 1835 est
986 1803 1070 1844 fore
1091 1799 1314 1835 scribendum
1336 1812 1430 1844 esse,
1463 1811 1573 1847 quum

175 1865 286 1900 verba
309 1863 503 1909 iugurthae
528 1859 738 1896 sententiam
757 1860 980 1902 contineant3
1013 1860 1106 1894 nihil
1129 1864 1182 1895 est
1204 1866 1323 1898 autem
1346 1862 1574 1907 frequentius,

177 1936 283 1970 quam
308 1915 551 1958 accusativum
574 1934 604 1956 c.
621 1921 683 1956 int.
699 1921 849 1966 pendere
871 1933 911 1955 ex
935 1920 1073 1955 dicendi
1101 1922 1158 1956 vel
1180 1922 1361 1968 cogitandi
1385 1924 1506 1967 verbo,
1529 1933 1572 1956 ex

177 1984 463 2021 antecedentibus
494 1983 704 2028 supplendo3
740 1994 773 2017 v·
799 1983 845 2017 ad
869 1994 901 2017 c.
926 1983 1024 2024 vm,
1048 1982 1083 2018 1.
1112 2001 1157 2008 —-
1189 1983 1248 2034 lta
1277 1982 1314 2019 in
1345 1982 1454 2018 simili
1481 1993 1573 2016 nexu

176 2048 290 2082 habes
321 2058 352 2080 c.
377 2044 484 2088 XXI,
508 2043 543 2079 4.
575 2055 610 2079 v.
632 2036 678 2077 αὖ
701 2043 779 2078 Cat.
802 2045 885 2085 Vll,
909 2043 968 2086 6.;
1000 2047 1183 2087 praeterea
1211 2055 1298 2079 nam
1328 2043 1573 2088 supplendum,

177 2110 219 2144 ut
239 2106 442 2151 saepissime
464 2105 557 2150 apud
580 2105 768 2147 Nostrum;
795 2116 832 2140 ν.
855 2105 900 2140 ad
925 2117 955 2139 c.
979 2106 1022 2149 V,
1046 2102 1082 2139 5.

271 2171 303 2212 ἓ.
320 2167 354 2202 3.
378 2169 434 2202 die
459 2165 646 2212 noctuque]
669 2155 883 2200 Gerlachius
906 2165 941 2199 in
964 2167 1019 2200 ed.
1036 2165 1121 2200 min.
1138 2177 1183 2200 ex
1203 2166 1280 2200 solo
1302 2165 1414 2201 Paris.
1431 2177 1464 2199 a.
1487 2164 1582 2200 scri—⁸

178 2229 249 2275 psit
271 2230 346 2263 diu
368 2234 548 2274 noctuque,
571 2227 665 2271 quod
688 2227 838 2262 fortasse
860 2237 930 2260 non
952 2227 1083 2261 falsum
1106 2231 1170 2271 est,
1195 2228 1256 2262 sed
1278 2227 1380 2261 nnius
1403 2225 1490 2260 libri
1509 2237 1574 2262 nu—

179 2290 341 2325 ctoritate
362 2301 431 2324 non
454 2289 538 2323 satis
561 2289 743 2322 firmatum
766 2287 925 2329 videtur-3
951 2298 985 2322 v.
1003 2289 1047 2322 ad
1071 2300 1102 2323 c.
1116 2289 1239 2331 xmv,
1251 2288 1286 2323 5.
1306 2292 1341 2323 et
1357 2288 1466 2329 Lxx,
1482 2286 1572 2322 1.—

181 2353 408 2395 eorrumpere
431 2351 579 2384 verbnm
601 2348 638 2383 in
662 2348 914 2397 codnl‘ssccard.
945 2349 1114 2384 omissum
1137 2350 1276 2385 Gortius
1298 2353 1465 2392 tanquam
1487 2357 1572 2391 spu-

179 2413 275 2449 riam
298 2412 432 2446 uncinis
454 2410 614 2450 inclusit,
640 2410 823 2453 Tellerus,
847 2411 950 2455 quasi
972 2422 1012 2444 re
1034 2415 1141 2452 certa,
1165 2410 1279 2446 eiecit.
1325 2409 1395 2444 Sed
1418 2407 1458 2443 hi
1480 2411 1574 2442 certe

180 2486 253 2510 non
273 2476 453 2508 senserunt
475 2475 690 2515 quantopere
712 2471 879 2505 orationis
902 2471 1107 2516 simplicitas
1120 2471 1190 2506 ista
1210 2482 1250 2505 re
1267 2471 1437 2513 turbetur,
1460 2480 1574 2512 neque

183 2534 404 2571 attenderunt
427 2534 472 2567 ad
496 2533 662 2568 Sallustii
684 2543 820 2567 morem
838 2531 1051 2566 narrationis
1076 2531 1127 2565 ita
1157 2531 1406 2571 instituendae,
1440 2532 1481 2563 ut
1509 2540 1572 2574 ge-

184 2595 300 2631 nerali
323 2595 510 2630 sententiae
533 2596 664 2636 aliam,
691 2605 762 2638 qua
785 2604 840 2627 res
862 2603 924 2636 per
946 2596 1064 2636 partes
1088 2592 1290 2635 explicetur,
1310 2591 1486 2634 subiiciat,
1513 2603 1574 2626 cu-

185 2657 242 2692 ins
264 2656 317 2691 rei
339 2654 425 2691 scite
448 2655 630 2691 admonuit
652 2654 831 2699 Langius,
862 2653 945 2687 coll.
977 2653 1165 2695 c.„xxl11‚
1190 2652 1224 2686 1.
1255 2652 1389 2687 Cirtam
1414 2653 1489 2686 dies
1510 2663 1572 2686 no·-

188 2723 325 2763 clcsque
348 2721 411 2752 aut
431 2728 495 2762 per
520 2717 590 2751 vim
614 2721 677 2750 aut
700 2716 787 2750 dolis
809 2719 1007 2754 tenture3
1031 2714 1337 2757 defensoribus
1358 2714 1574 2748 moenium

187 2779 395 2824 praemia
417 2777 562 2821 modo,
596 2776 719 2812 modo
736 2774 1034 2821 formidinem
1059 2778 1314 2816 ostentare,
1348 2785 1449 2809 suos
1468 2773 1574 2809 hor.-
