1716 2996
156 161 160 165 ’
195 179 283 218 568
562 140 608 215 c.
638 171 968 241 SALLusTI
1006 171 1232 216 calsrl

191 290 408 349 Boccho,
439 290 651 348 quoniam
680 289 909 349 poenitet,
941 275 1095 334 delicti
1121 289 1313 350 gratiam
1343 289 1474 344 facit3
1500 291 1594 334 foe-

202 389 288 435 dus
325 394 370 433 et
406 387 601 432 amicitia
636 386 879 443 dabuntur,
914 401 1054 445 quum
1087 387 1312 432 meruerit.

345 483 443 530 CV.
499 484 614 540 Quis
658 484 794 529 rebus
833 484 1024 544 cognitis
1058 483 1273 530 Bocchus
1313 500 1398 546 per
1432 485 1599 529 litteras

203 600 231 628 a
267 581 418 626 Mario
454 581 639 641 petivit,
684 581 747 626 uti
795 581 971 631 Sullam
1014 581 1075 625 ad
1119 597 1169 626 se
1214 582 1434 639 mitteret,
1480 559 1603 627 cuius

168 678 425 726 2arbitratu
471 677 531 723 de
578 679 889 733 communibus
932 679 1127 740 negotiis
1173 680 1488 725 consuleretur.
1559 679 1605 723 Is

207 844 253 850 —
278 824 460 869 deprecati
490 827 570 865 sunt
601 824 810 870 praegnanti
843 835 946 863 sensu
975 823 1151 870 signifieat
1178 831 1369 870 postquam
1384 826 1610 871 deprecantes

207 887 382 922 dixerunt.
399 905 443 911 —
468 886 521 919 De
541 885 660 920 verbis
681 886 875 921 amicitiam
895 891 930 921 et
946 886 1076 930 foedus
1098 898 1133 922 V.
1155 890 1325 922 annotata
1345 887 1390 921 ad
1413 898 1444 922 c.
1466 879 1609 931 LXXX,

207 947 242 982 4.
266 969 313 975 —
336 947 389 981 Ad
412 946 569 992 poenitet
592 957 662 980 non
684 947 917 992 supplendum
941 951 993 981 est
1015 958 1106 990 eum,
1129 948 1189 982 sed
1213 947 1409 982 continetur
1430 957 1474 981 eo
1498 947 1609 980 verbo

202 1008 447 1051 nominativus
469 1018 572 1041 casus
596 1009 775 1054 Bocchus3
801 1008 894 1052 quod
917 1019 1134 1052 quamquam
1153 1009 1301 1053 vulgato
1324 1006 1404 1040 usui
1425 1011 1610 1052 repugnat,

209 1071 328 1104 tamen
363 1079 433 1102 non
466 1068 652 1109 soloecum
681 1070 878 1105 existimari
917 1071 1038 1114 debet,
1078 1080 1187 1114 quum
1221 1072 1357 1103 certum
1391 1068 1438 1103 sit
1477 1071 1613 1103 veteres

211 1129 319 1164 etiam
341 1128 524 1174 poeniteo,
550 1130 575 1164 i.
601 1142 632 1164 e.
651 1132 873 1176 poenitentia
896 1133 1033 1177 agitor,
1059 1129 1198 1164 dixisse.
1244 1129 1336 1170 Tale
1358 1127 1443 1172 quid
1466 1128 1509 1162 de
1533 1127 1613 1162 Sal-

211 1191 319 1226 lustio
343 1190 451 1224 tradit
474 1190 613 1226 charis.
636 1203 670 1235 p.
692 1192 773 1226 224.
798 1193 941 1226 Putsch.
989 1192 1139 1234 „Verba
1164 1177 1415 1234 impersonalia
1436 1189 1613 1224 declinan-

212 1255 270 1287 tur
293 1251 364 1286 sic:
388 1254 526 1295 oportet
540 1258 621 1293 τηε,
645 1253 800 1296 poenitet
820 1254 895 1294 me,
919 1253 1029 1297 pudet
1052 1264 1132 1294 me,
1156 1251 1254 1297 piget
1277 1262 1345 1293 me,
1369 1252 1511 1286 miseret
1533 1262 1614 1292 me;

213 1313 372 1358 quamvis
394 1312 584 1347 Sallustius
607 1313 735 1348 dixerit
759 1313 795 1347 iu
818 1313 934 1357 prima
955 1312 1106 1348 historia
1129 1312 1353 1357 Lepidum
1374 1314 1614 1357 poeniten-

179 1376 181 1379 ’
213 1380 304 1411 tem
327 1373 502 1408 consili
510 1373 556 1412 ‚·“
589 1377 686 1417 patet
717 1374 811 1408 enim
833 1375 1013 1419 poenitens
1041 1385 1114 1409 non
1135 1373 1290 1418 potuisse
1313 1373 1394 1415 dici,
1417 1373 1484 1407 nisi
1508 1373 1616 1407 etiam

213 1436 374 1482 poeniteo
398 1434 588 1468 diceretur.
619 1433 667 1468 cf.
692 1434 767 1469 Cic.
791 1435 948 1480 Philipp.
974 1435 1064 1477 XII,
1086 1434 1131 1476 2,
1155 1433 1192 1469 ἴ.
1241 1435 1400 1479 Optimus
1425 1438 1476 1468 est
1497 1439 1617 1478 portus

215 1497 408 1543 poenitenti
429 1495 473 1540 (ἱ.
497 1506 528 1528 e.
555 1493 601 1537 ei,
625 1494 686 1538 qui
709 1495 888 1540 poenitens
909 1499 974 1539 est,
996 1496 1072 1531 sive
1092 1495 1155 1539 qui
1171 1496 1346 1540 poenitet)
1368 1495 1516 1530 mutatio
1538 1508 1619 1534 eon-

217 1558 299 1593 silii.
347 1555 525 1591 Pacuvius
548 1556 646 1603 girm.
669 1556 743 1591 iud.
776 1558 872 1603 apud
895 1557 1050 1592 Nonium
1071 1557 1148 1599 Vll,
1171 1555 1229 1591 63.
1279 1557 1381 1603 Nune
1402 1558 1618 1602 poenite·
1658 1603 1661 1606 ξ

159 1658 162 1661 Δ
219 1617 355 1659 bun't3
392 1618 506 1653 libant
536 1618 656 1652 liberi·
672 1623 780 1664 grato
814 1630 856 1653 ex
887 1619 970 1652 loco.
1005 1617 1128 1653 lustin.
1153 1618 1215 1659 xl,
1237 1617 1274 1663 3,
1296 1617 1331 1652 3.
1393 1619 1620 1654 Athenienses

217 1680 356 1726 primi
376 1679 626 1724 poenitere
649 1685 846 1725 coeperunt.
869 1679 943 1715 Liv.
964 1680 1126 1721 xxxvl,
1149 1679 1208 1722 22,
1231 1679 1266 1714 3.
1315 1680 1453 1714 Aetolos
1476 1692 1620 1726 quoque,

220 1741 252 1776 si
271 1741 520 1787 poenitere
545 1741 749 1786 possint,
770 1752 872 1785 posse
895 1746 932 1776 et
955 1741 1143 1775 incolumes
1166 1751 1250 1776 esse.
1273 1760 1320 1766 —
1349 1735 1518 1778 Gratiaml
1529 1743 1621 1786 facit

220 1804 246 1838 i.
280 1815 312 1838 e.
348 1802 491 1837 veniam
523 1802 604 1846 dat,
631 1802 814 1848 ‘ignoscit3
854 1802 902 1838 ct.
933 1802 1011 1836 Cat.
1044 1813 1077 1836 e.
1110 1802 1197 1846 LII,
1230 1801 1265 1836 8.
1314 1802 1382 1845 Qui
1405 1803 1492 1837 mihi
1514 1809 1620 1849 atque

222 1865 340 1900 animo
373 1875 449 1898 meo
483 1864 614 1898 nulline
642 1875 798 1909 unquam
829 1863 949 1898 delicti
979 1862 1189 1909 gratiam
1208 1862 1432 1905 fecissem.
1467 1863 1621 1909 Fragm.

222 1926 358 1962 Histor.
382 1925 453 1968 ΙΙΙ,
479 1924 539 1959 34.
588 1925 668 1961 Post
694 1926 846 1961 reditum
870 1936 1010 1969 eorum,
1033 1924 1156 1970 quibus
1177 1927 1320 1958 senatus
1342 1924 1424 1959 belli
1449 1923 1622 1970 Lepidam·

223 1988 437 2035 gratiam
463 1989 663 2031 fecerat.

318 2049 390 2083 CV.
427 2051 462 2092 ἕ.
485 2048 522 2084 1.
571 2049 657 2092 Quis
689 2047 815 2091 rebus]
864 2046 983 2091 Vulgo
1013 2047 1136 2100 quibus
1168 2058 1223 2089 r.‚
1214 2047 1314 2130 ·⁹sed
1345 2047 1422 2092 quis
1451 2017 1567 2083 exstat
1587 2047 1625 2082 iu

226 2112 331 2146 Rem.
367 2109 421 2144 2.
439 2110 537 2145 Vrat.
567 2110 603 2144 3.
639 2109 758 2144 Guelf.
788 2107 824 2142 6.
855 2107 892 2142 9.
922 2107 980 2142 11.
1012 2107 1132 2142 Berol.
1161 2108 1196 2142 1.
1247 2109 1363 2143 ..Par
1386 2109 1423 2144 h.
1446 2121 1477 2143 c.
1502 2129 1548 2135 —
1573 2110 1625 2145 De

225 2170 438 2216 praepositio
471 2170 510 2204 iu
541 2170 661 2206 multis
694 2170 795 2204 codd.
830 2169 947 2211 deest,
980 2170 1023 2203 de
1053 2181 1123 2213 qua.
1152 2181 1192 2203 re
1216 2170 1429 2204 Gerlachius
1452 2169 1625 2205 iuCom-

227 2235 349 2266 mentt.
378 2242 412 2275 p.
435 2230 518 2266 331.
567 2230 728 2276 ,‚Lectio,
751 2229 876 2274 inquit,
900 2231 999 2265 haud
1021 2231 1285 2275 contemnenda,
1315 2242 1396 2265 cum
1419 2231 1521 2266 enim
1535 2233 1628 2266 Boe—

228 2293 316 2328 chus
340 2292 447 2326 totius
479 2292 532 2326 rei
564 2291 754 2327 arbitrium
774 2292 899 2326 Sullae
920 2291 1150 2337 permitteret,
1172 2291 1428 2338 consultatione
1450 2303 1519 2326 non
1541 2304 1629 2338 opus

230 2353 312 2388 fuit.
336 2365 447 2397 quare
471 2353 530 2388 vix
553 2353 646 2388 mihi
668 2357 857 2398 tempero,
873 2353 956 2397 quin
979 2353 1112 2397 etipse
1135 2353 1429 2399 praepositionem
1451 2353 1627 2388 deleam.“

231 2415 304 2450 Sed
326 2414 418 2449 nihil
442 2414 508 2449 isto
530 2415 663 2450 iudicio
686 2414 899 2461 perversius.
945 2414 1038 2462 qu
1060 2425 1169 2458 quum
1200 2413 1259 2448 vix
1288 2413 1434 2449 dubium
1457 2414 1520 2455 sit,
1544 2413 1628 2458 quin

232 2475 377 2521 librarii
395 2475 692 2520 praepositionem
717 2476 920 2519 omiserint,
951 2473 1038 2522 quia
1060 2477 1235 2510 consulere
1258 2478 1419 2519 putarent
1439 2473 1532 2508 idem
1554 2485 1632 2509 esse

236 2542 343 2583 utque
371 2537 591 2583 prospicere,
622 2549 694 2580 qua
724 2537 767 2572 >vi
796 2538 947 2573 verbum
979 2538 1139 2572 dativum
1163 2536 1279 2581 regit,
1302 2536 1371 2568 hac
1393 2534 1470 2578 ipsa
1492 2546 1531 2568 re
1557 2535 1630 2576 iam

235 2599 390 2637 concidit
421 2597 601 2633 Gerlaehii
633 2608 793 2634 acumen.
848 2599 1037 2634 Praeterea
1068 2598 1161 2632 falsa
1190 2596 1368 2630 arbitratu
1392 2595 1555 2631 vocabuli
1577 2596 1632 2630 iu-

236 2659 487 2705 terpretatione
526 2663 707 2704 permotus
746 2663 815 2702 est,
857 2663 895 2694 ut
936 2661 1102 2694 statueret
1136 2657 1389 2695 consultatione
1423 2668 1493 2691 uon
1524 2657 1633 2691 fuisso

238 2734 340 2767 opus,
365 2721 468 2766 quasi
490 2731 575 2756 vero
597 2720 762 2755 Bocchus
776 2720 924 2763 ,Sullam
947 2718 1138 2760 acciverit,
1164 2722 1204 2752 ut
1226 2718 1374 2763 imperia
1397 2718 1473 2752 eius
1495 2717 1633 2762 accipe-

237 2786 300 2818 ret.
348 2783 543 2823 Verborum
580 2782 676 2817 cuius
710 2793 734 2815 a
744 2781 816 2815 rbi
826 2785 838 2815 t
849 2785 952 2815 ratu
964 2799 1021 2831 ·÷
1053 2780 1286 2814 consuleretur
1317 2790 1438 2814 senem
1469 2782 1538 2814 est:
1569 2777 1634 2812 'der
1695 2811 1698 2814 .
