1716 2996
172 193 258 257 2⁶⁰
547 188 593 231 c.
625 188 956 232 SALLUSTI
986 189 1215 235 enlsm

172 305 334 351 certior
370 305 522 358 Roma
567 306 738 364 factus,
785 306 994 351 diffidere
1037 308 1141 357 suis
1170 307 1347 366 reims,-
1374 323 1428 354 ac
1473 314 1570 354 tum

133 403 357 452 zdemum
392 417 548 447 veram
573 402 870 450 deditionem.
896 392 1048 448 ‘facere
1092 411 1275 449 conatus
1323 411 1404 451 est.
1473 406 1569 467 lgi-

169 507 241 546 tur
277 501 454 560 legatos
491 500 551 544 ad
595 500 826 553 consulem
870 516 974 545 eum
1018 501 1247 561 suppliciis
1291 503 1446 560 mittit,
1493 503 1568 562 qui

170 596 486 643 tantummodo
547 597 634 657 ipsi
695 597 936 656 liberisque
998 598 1134 652 vitam
1193 605 1424 659 peterent,
1487 599 1573 644 alia

138 695 324 748 Somnia
361 694 581 739 dederent
617 695 793 754 populo
831 696 1053 743 Romano.
1129 695 1224 741 Sed
1258 695 1450 741 Metello
1481 673 1578 755 iam·

169 844 290 882 Tacit.
313 843 435 891 Agric.
462 857 491 879 c.
511 845 554 879 X.
581 856 615 889 p.
633 843 714 878 185.
740 847 775 880 et
797 855 886 889 qnae
910 844 954 879 de
978 846 1100 879 eadem
1133 857 1173 880 re
1202 845 1352 881 diximus
1386 845 1422 881 in
1455 846 1571 891 Ephe-

168 919 276 941 metr.
301 906 439 941 Schou.
465 916 498 940 a.
525 904 630 940 1830.
653 905 745 940 sect.
763 906 812 957 11.
838 917 872 940 n.
889 905 953 941 ,18-
979 918 1010 950 p.
1028 907 1108 942 143.

261 970 294 1016 5.
319 967 353 1001 2.
402 979 478 1002 cum
497 967 693 1012 suppliciis]
722 967 902 1011 Supplicia
927 967 1102 1012 explicant
1125 967 1226 1012 signa
1246 967 1455 1012 supplicum,
1481 980 1573 1012 qnae

168 1028 230 1075 qui
253 1029 426 1075 gerebant
447 1028 619 1072 supplices
644 1039 682 1061 se
704 1027 971 1071 profiterentur,
1003 1039 1026 1063 a
1050 1029 1197 1064 Graecis
1228 1027 1426 1074 ἶκετηρίαι,
1451 1027 1571 1072 ἱκετή-

168 1105 244 1136 ριοι
267 1087 396 1133 κλάδοι
410 1115 419 1132 ,
447 1090 506 1122 vel
530 1087 718 1132 στέμματα
741 1093 886 1130 vocata;
919 1090 1125 1124 constabant
1158 1088 1251 1123 enim
1275 1089 1454 1124 frondibus
1484 1090 1574 1124 olia—

168 1152 263 1200 ginis
287 1152 346 1186 vel
369 1149 518 1191 laureis,
552 1160 639 1193 quas
662 1149 824 1184 manibus
848 1151 1050 1196 gestabant,
1075 1150 1136 1194 qui
1159 1161 1283 1194 pacem
1306 1153 1475 1194 peterent.
1515 1150 1573 1184 Si-

169 1213 249 1249 mili
271 1214 348 1248 fere
369 1211 475 1246 modo
499 1211 626 1245 Festus
648 1211 850 1247 Grammat.
874 1213 950 1246 Lat.
971 1213 1049 1246 Vol.
1063 1211 1251 1256 11.p.247.
1275 1211 1328 1248 ed.
1345 1211 1572 1246 Lindemann.

169 1274 422 1320 supplicia,
444 1270 570 1315 inquit,
595 1275 694 1310 sunt,
723 1284 812 1317 quae
832 1273 1076 1308 caduceatores
1094 1278 1263 1318 portam,-
1289 1284 1332 1306 ca
1349 1273 1574 1310 sumebantur

171 1349 213 1372 ea·
233 1337 384 1370 verbena
395 1332 514 1378 felicis
531 1332 689 1372 arbone,-
724 1333 771 1368 ad
792 1345 826 1377 q.
848 1334 872 1367 l.
907 1334 988 1368 vide
1012 1334 1172 1378 iuterprr.
1207 1346 1240 1378 p.
1267 1333 1349 1369 677.
1385 1334 1458 1379 Ista
1480 1332 1574 1367 ratio

122 1421 146 1441 κ
169 1399 347 1433 victorum
371 1392 529 1440 gratiam
562 1393 755 1436 quaerendi
778 1405 994 1438 quamquam
1018 1394 1210 1439 desperatis
1232 1395 1336 1428 rebus
1360 1397 1395 1428 et
1417 1393 1574 1428 maxima

170 1461 320 1504 urgente
346 1453 548 1490 calamitate
570 1452 608 1487 in
628 1465 695 1488 usu
719 1453 805 1496 fuit,
830 1458 947 1489 tamen
971 1455 1164 1502 Iugurthae
1187 1454 1396 1496 condicioni,
1419 1455 1481 1498 qni
1504 1454 1573 1488 sibi

171 1530 194 1554 a
223 1517 387 1568 Metello‘
402 1525 528 1549 cavere
559 1514 687 1558 vellet,
721 1525 791 1549 non
823 1515 1014 1550 admodum
1046 1515 1230 1550 convenire
1257 1514 1406 1552 videtur.
1454 1515 1574 1559 Quare

169 1579 342 1626 supplicia
363 1579 528 1621 putamus
552 1587 575 1611 a
599 1574 771 1610 Sallustio
793 1574 836 1610 e'o
860 1588 963 1611 sensu
986 1588 1062 1611 esse
1085 1576 1199 1620 dicta,
1233 1579 1270 1611 nt
1293 1576 1491 1622 significent
1513 1576 1572 1610 in·-

169 1646 287 1677 tentas
300 1649 430 1685 preces,
453 1648 523 1682 qua
536 1639 705 1682 potestate
721 1638 792 1672 hoc
808 1640 1020 1674 vocabulum
1040 1642 1160 1683 aperte
1173 1633 1291 1683 posuit
1304 1637 1383 1682 Ing.
1401 1636 1524 1679 LXVI,
1538 1636 1574 1672 2.

177 1703 355 1748 Vagenses
370 1698 579 1744 fatigati
605 1698 704 1744 regis
731 1701 1005 1746 suppliciis,
1029 1711 1138 1746 neque
1160 1704 1266 1735 antea
1283 1699 1462 1733 voluntate
1485 1694 1574 1732 alie-

171 1763 269 1805 nati,
295 1763 386 1797 inter
403 1772 440 1795 se
464 1759 658 1795 coniurant.
923 1751 928 1755 ’

265 1826 298 1867 §-
322 1822 358 1857 3.
409 1820 479 1855 Sed
505 1820 649 1854 Metello
669 1819 753 1865 etc.]
783 1820 948 1865 Metello,
974 1822 1034 1866 qui
1057 1833 1157 1856 casus
1181 1820 1305 1865 pendet
1328 1831 1371 1855 ex
1395 1820 1573 1866 cognitum

172 1889 271 1929 erat,
307 1883 426 1918 Faber
451 1892 515 1925 pro
542 1880 701 1915 ablativo
724 1892 806 1916 eum
829 1883 874 1917 ab
899 1881 1155 1928 praepositione
1179 1881 1312 1915 dictum
1348 1884 1484 1920 censet,
1517 1891 1573 1913 re-

172 1945 313 1980 mittens
347 1943 391 1979 ad
424 1943 568 1986 Zumpt.
605 1941 766 1977 Gramm.
800 1943 883 1988 Lat.
914 1945 948 1987 ς.
972 1944 1038 1986 72,
1064 1943 1097 1978 6.
1130 1955 1165 1987 p.
1189 1941 1270 1977 334.
1301 1941 1356 1975 ed.
1380 1939 1437 1974 IV.
1470 1945 1504 1973 et
1527 1931 1572 1973 ad

171 2005 388 2040 Ramshorn.
415 2003 575 2037 Gramm.
598 2003 677 2038 Lat.
704 2004 738 2046 ἓ.
763 2003 845 2046 124,
869 2004 902 2038 l.
938 2017 972 2048 p.
996 2005 1078 2040 219.
1115 2005 1168 2038 ed.
1187 2004 1215 2037 Ι.
1230 2029 1239 2047 ,
1275 2000 1337 2046 qui
1361 2000 1484 2035 eadem
1507 2000 1572 2034 do-

171 2070 259 2102 eent.
306 2065 377 2099 Sed
408 2065 538 2099 falsam
572 2075 647 2098 esse
686 2063 793 2098 istam
825 2065 869 2097 de
902 2065 1023 2099 dativo
1056 2063 1250 2099 doctrinam
1281 2065 1378 2097 recte
1409 2061 1573 2096 viderunt

171 2126 408 2163 Hoffmannus
437 2124 474 2159 in
493 2124 610 2160 Iahnii
631 2124 771 2159 Annali.
798 2125 893 2159 Phil.
910 2129 944 2160 et
963 2127 1072 2161 Paed.
1091 2137 1124 2160 a.
1141 2124 1244 2160 1828.
1263 2124 1339 2158 Vol.
1358 2123 1404 2157 11.
1424 2123 1526 2156 Fasc.
1544 2123 1571 2156 1.

172 2202 208 2234 p.
231 2188 289 2224 15.
321 2187 412 2232 Aug.
435 2187 640 2221 Grotefend.
661 2186 820 2220 Gramm.
849 2187 923 2220 Lat.
947 2188 1057 2231 ampl.
1084 2187 1161 2220 Vol.
1183 2186 1226 2220 Π.
1259 2185 1293 2229 §.
1313 2182 1369 2217 13.
1395 2194 1431 2226 p.
1450 2181 1506 2218 11.
1538 2186 1574 2216 et

171 2251 204 2294 ς.
226 2249 308 2283 391.
332 2260 364 2293 p.
378 2246 459 2282 299.
486 2251 521 2282 et
544 2247 628 2282 otto
648 2247 694 2281 ad
713 2246 785 2281 Cic.
806 2246 849 2280 de
866 2247 965 2281 Finn.
984 2248 1014 2291 Ι,
1036 2247 1072 2292 4,
1097 2248 1153 2282 11.
1182 2247 1328 2280 Excurs.
1348 2244 1392 2279 11.
1416 2255 1448 2288 p.
1465 2243 1570 2282 374.;

172 2309 304 2354 ubique
326 2308 420 2342 enim
443 2308 588 2353 propria
611 2307 721 2342 dativi
746 2309 919 2352 potestas,
943 2319 1052 2352 quam
1077 2308 1245 2343 commodi
1267 2309 1409 2347 vocant,
1435 2304 1486 2338 ita
1511 2313 1570 2336 va-

171 2371 244 2412 lot,
266 2373 305 2404 ut
321 2369 351 2404 is
369 2381 469 2404 casus
483 2370 585 2403 nullo
602 2368 745 2415 negotio
764 2379 787 2402 a
807 2369 914 2403 verbo
935 2371 1047 2414 repeti
1067 2370 1189 2415 possit,
1216 2368 1320 2403 modo
1342 2368 1459 2400 teneat
1480 2363 1570 2396 mul-

173 2435 290 2466 torum
313 2430 504 2464 verborum
527 2429 705 2473 passivam
730 2430 884 2464 formam
907 2431 1167 2466 intransitivum
1191 2432 1252 2464 aut
1274 2425 1476 2462 reflexivum
1493 2435 1571 2456 sen-

155 2484 251 2527 ¹sum
274 2491 469 2527 admittere.
519 2489 696 2534 Quoniam
719 2489 830 2536 igitur
853 2493 1032 2536 cognitum
1057 2503 1128 2527 esse
1151 2491 1245 2525 idem
1267 2486 1443 2532 significat
1466 2487 1571 2528 atque

174 2557 295 2588 notum
318 2562 403 2594 esse,
426 2550 568 2586 dativus
588 2551 699 2595 priori
722 2552 831 2586 verbo
856 2552 994 2586 additus
1017 2563 1086 2586 non
1109 2551 1218 2586 aliam
1245 2548 1317 2583 vim
1340 2546 1449 2580 habet
1463 2555 1572 2588 quam

175 2614 286 2655 alter,
316 2624 359 2648 ex
387 2617 506 2647 notum
540 2622 612 2646 esse
644 2612 815 2656 pendeus,
846 2624 949 2657 quem
973 2624 1076 2647 nemo
1099 2612 1193 2646 dicet
1216 2621 1281 2655 pro
1306 2606 1464 2643 ablativo
1489 2610 1525 2640 et
1547 2617 1571 2638 a

173 2672 432 2719 praepositione
455 2671 608 2716 positum
633 2683 726 2714 esse3
760 2674 806 2708 cf.
836 2685 866 2710 e.
891 2674 1057 2715 xmlu,
1080 2673 1114 2706 1.
1147 2671 1261 2712 cxli,
1286 2669 1318 2703 l.
1343 2669 1398 2702 Ita
1421 2677 1571 2712 comper-

174 2740 248 2770 tum
273 2740 325 2770 est
347 2734 457 2770 mihi
478 2732 607 2767 dieitur
629 2743 698 2766 non
721 2735 830 2768 aliam
853 2735 899 2769 ob
923 2745 1094 2775 caussam,
1118 2744 1224 2777 quam
1249 2730 1332 2775 quia
1348 2730 1478 2764 horum
1494 2738 1572 2761 ver-

175 2794 303 2830 borum
325 2806 446 2831 sensus
467 2798 520 2833 est
542 2800 636 2831 certo
658 2806 865 2840 persuasum
890 2800 939 2830 est
963 2795 1070 2829 mihi
1077 2806 1091 2835 ,-
1115 2793 1220 2828 Catil.
1238 2792 1331 2834 XIV,
1345 2791 1381 2826 7.
1405 2789 1519 2832 xxii,
1535 2788 1572 2823 4.

1691 2619 1711 2721 ‚viati-5
1697 2584 1716 2610 se:
1705 2566 1711 2577 ,.
