1716 2996
233 221 321 263 352
602 217 652 278 c.
682 217 1009 262 SALLUSTI
1037 219 1264 267 clusrl

235 325 343 381 duffi
380 333 598 379 heredem
643 335 908 395 scripserat,
953 337 1122 381 morbis
1170 337 1400 383 confectus
1417 373 1432 396 ‚
1479 343 1526 382 et
1561 337 1624 382 ob

197 446 334 485 2eam
369 446 570 477 caussam
610 437 760 475 mente
793 433 995 492 paullum
1030 433 1270 478 imminuta.
1341 433 1427 479 Cui
1459 433 1623 479 Metel-

233 533 301 576 lus
346 529 516 590 petenti
555 542 683 572 more
726 543 889 589 regum
938 530 1002 574 uti
1052 531 1208 575 sellam
1252 532 1373 576 iuxta
1421 513 1623 591 poneret,

231 630 339 673 item
385 632 546 688 postea
591 625 826 670 custodiae
862 641 1018 670 caussa
1062 633 1255 672 turmam
1290 629 1490 689 equitum
1523 628 1625 672 Ro-

232 739 505 785 κληρονομοῖενἸ
534 735 572 772 οἱ
605 734 792 781 πρότεροι.
825 737 899 772 Cic.
924 738 1012 781 Epp.
1037 738 1081 771 ad
1105 739 1247 773 Famm.
1270 740 1374 780 XIII,
1396 739 1454 782 61,
1477 738 1513 773 1.
1559 739 1625 773 llle

231 813 287 835 me
319 806 396 835 tum
434 804 609 840 tutorem,
649 803 722 832 tum
758 799 867 832 etiam
903 799 1150 834 secundum
1183 800 1429 835 haeredem
1462 801 1623 835 instituit.

232 863 348 896 Gom.
395 860 493 894 Adde
524 858 710 893 Heineccii
743 858 882 902 Antiqq.
915 860 983 893 Iur.
1010 860 1116 896 Rom.
1152 860 1230 895 Lib.
1263 862 1306 895 11.
1333 861 1408 895 Tit.
1433 861 1507 896 XV.
1530 860 1622 894 xvl.

231 935 266 967 p.
289 922 361 957 Α152
383 932 434 965 sq.
473 921 527 954 ed.
566 919 747 954 Haubold.
781 920 899 954 Tacit.
928 920 1017 954 Ann.
1041 921 1076 962 I,
1098 920 1143 962 8,
1167 922 1201 958 1.
1230 921 1304 956 Cic.
1327 921 1363 956 in
1394 922 1496 956 Verr.
1516 922 1545 963 I,
1565 919 1624 961 43,

230 985 312 1018 11⁰.
335 1003 382 1009 —
408 982 565 1016 Scribere
590 985 708 1015 antem
732 980 880 1014 verbnm
913 982 1093 1025 proprium
1117 986 1193 1016 erat
1223 981 1260 1016 in
1282 981 1500 1017 instituendis
1520 982 1624 1016 here-

230 1045 355 1086 cibun
377 1055 412 1077 v.
435 1042 552 1076 Tacit.
578 1042 604 1076 l.
629 1043 654 1076 1.
679 1041 773 1076 Plin.
798 1041 932 1088 Pam-g.
956 1055 987 1076 c.
1013 1042 1136 1076 XLIII.
1158 1060 1204 1067 —
1235 1043 1424 1078 Imminuta
1445 1042 1470 1077 i.
1493 1054 1525 1077 e.
1550 1046 1623 1078 tur-

231 1107 337 1148 bata3
369 1104 415 1139 cf.
453 1103 571 1138 Tacit.
602 1103 694 1137 Ann.
731 1102 802 1144 Vl,
826 1101 884 1136 46.
943 1102 1190 1137 Imminuta
1219 1113 1344 1137 mens
1374 1104 1448 1138 eius
1477 1103 1621 1139 obstitit.

230 1166 322 1202 nist.
344 1165 389 1206 11,
411 1163 468 1198 93.
518 1165 648 1208 Corpus
680 1164 772 1205 otio,
806 1163 929 1196 anim
942 1174 1008 1196 um
1045 1164 1245 1198 libidinibus
1277 1165 1622 1200 imminuebant.

323 1228 356 1269 §.
380 1225 413 1260 2.
461 1236 556 1259 more
578 1237 704 1270 regum
728 1225 783 1258 uti
804 1224 928 1257 sellam
953 1224 1052 1258 iuxta
1073 1225 1231 1270 poneret]
1255 1227 1308 1259 De
1330 1226 1400 1261 hoc
1421 1237 1520 1260 more
1542 1224 1624 1259 sede

228 1289 275 1323 ab
299 1287 510 1330 imperatore
542 1285 705 1330 proxima
737 1296 838 1329 reges
872 1284 1096 1329 insignesque
1118 1285 1217 1320 viros
1248 1286 1445 1322 honorandi
1467 1297 1502 1320 V.
1525 1285 1624 1320 locos

227 1360 251 1383 a
275 1347 396 1382 Curtio
429 1347 579 1389 allatos,
608 1347 727 1381 Tacit.
764 1345 857 1381 nist.
883 1347 935 1387 II,
970 1345 1030 1388 59,
1054 1349 1140 1380 extr.
1195 1347 1354 1382 Vitellius
1384 1348 1564 1382 Valentem
1588 1350 1623 1380 et

229 1410 418 1444 Caecinam
440 1419 504 1452 pro
535 1409 694 1442 concione
728 1409 898 1442 laudatos
929 1407 1085 1441 curuli
1119 1418 1234 1441 suae
1266 1407 1610 1452 circumposuit

229 1470 375 1517 Sueton.
397 1468 480 1503 Ner.
506 1480 536 1502 c.
561 1468 658 1501 XIII.
708 1468 904 1502 Tiridatem
931 1468 1138 1512 perductum
1162 1469 1199 1502 in
1221 1468 1398 1503 theatrum
1422 1469 1554 1503 iuxta
1576 1478 1622 1501 sc

227 1533 340 1566 latere
365 1530 494 1564 dextro·
510 1529 712 1570 collocavit5
735 1539 826 1572 quae
848 1539 1063 1572 quamquam
1087 1529 1131 1563 ad
1153 1530 1264 1566 serius
1285 1534 1421 1574 tempus
1437 1528 1622 1574 pertinent,

226 1597 345 1628 tamen
369 1590 505 1626 faciunt
526 1591 571 1624 ad
595 1601 692 1632 rem,
729 1600 798 1633 qua
830 1590 873 1623 de
902 1588 963 1639 hic
995 1589 1135 1634 agitur,
1166 1590 1423 1625 illustr-amiam.
1445 1608 1490 1615 —
1516 1589 1621 1624 quta

225 1652 388 1689 adverbii
413 1654 619 1696 potestatem
643 1650 777 1684 habere
799 1662 868 1685 non
884 1651 1033 1686 assecuti
1055 1651 1196 1686 librarii
1218 1651 1256 1685 in
1278 1651 1414 1696 aliquot
1435 1650 1536 1685 codd.
1559 1650 1621 1685 ad-

226 1714 390 1749 diderunt
413 1724 470 1754 se,
502 1710 540 1745 in
565 1711 656 1745 alius
688 1711 786 1754 peius
809 1712 916 1746 etiam
940 1723 1060 1754 suam,
1096 1723 1183 1756 quos
1207 1713 1348 1748 Cortius
1370 1716 1464 1748 recte
1485 1713 1620 1747 refuta-

225 1776 279 1810 vit
302 1775 384 1809 coll.
404 1774 546 1810 Sueton.
570 1771 706 1807 Domit.
733 1784 764 1807 c.
791 1773 864 1815 XI,
889 1773 936 1808 in.
984 1775 1144 1807 Actcrem
1167 1785 1381 1807 summarum
1404 1774 1620 1808 assidere

225 1838 264 1873 ia
286 1842 360 1872 toro
384 1836 521 1870 iusta
552 1834 682 1880 coegit.
716 1833 835 1868 Tiber.
867 1845 899 1868 c.
933 1835 1096 1869 XXXIII.
1144 1834 1330 1869 Assidebat
1364 1835 1445 1869 iux
1456 1836 1531 1870 tim
1562 1834 1619 1868 vel

226 1911 268 1934 ex
293 1899 451 1932 adverso.
476 1895 591 1930 Tacit.
615 1895 704 1929 Anu.
729 1895 788 1937 lv,
813 1893 871 1937 54,
891 1894 926 1928 2.
975 1895 1175 1940 Agrippina
1198 1905 1303 1940 quum
1332 1900 1524 1940 propter
1547 1894 1619 1929 di·-

224 1961 400 1996 cumbet-et
413 1983 424 2001 ‚
454 1969 524 1992 non
541 1957 641 1991 vultu
665 1961 730 1990 aut
751 1967 909 1990 semcne
923 1955 1036 1999 flecti.
1062 1976 1108 1982 -—
1132 1952 1239 1990 quta
1261 1958 1382 1991 autem
1401 1966 1619 2000 quamquam

224 2023 385 2058 absolute
407 2020 570 2064 quidem,
605 2018 666 2052 sed
698 2022 816 2052 tamen
847 2020 1006 2060 respectu
1039 2016 1175 2051 Metelli
1205 2015 1360 2059 positum
1387 2019 1462 2058 est,
1478 2019 1619 2051 damen

223 2095 294 2119 non
317 2084 419 2127 plane
442 2084 539 2125 patet
562 2083 682 2113 utrum
704 2083 847 2129 poneret
870 2088 1009 2122 quoque
1030 2077 1074 2111 ad
1097 2076 1215 2119 hunc,
1238 2087 1285 2111 an
1307 2076 1353 2110 ad
1377 2076 1539 2111 Gandam
1559 2087 1618 2110 re-

225 2145 408 2180 ferendum
430 2142 486 2177 sit.
533 2141 572 2174 In
595 2143 760 2184 promptu
783 2142 836 2173 est
857 2138 961 2181 enim,
985 2137 1016 2171 si
1033 2137 1078 2171 ad
1101 2138 1304 2172 Romanum
1326 2138 1451 2172 ducem
1472 2137 1617 2178 referas,

222 2210 366 2251 poneret
388 2198 483 2239 idern
507 2213 583 2236 esse
605 2205 712 2245 atque
730 2200 817 2245 poni
840 2199 993 2242 iuberet,
1024 2198 1068 2232 ad
1095 2188 1286 2233 Numidam
1306 2199 1458 2233 relatum
1480 2197 1618 2244 aigulfi-

224 2278 305 2302 care
334 2259 464 2311 11er
494 2261 583 2297 sibi
618 2263 654 2296 li
663 2274 680 2296 c
692 2266 801 2296 eret.
849 2261 922 2294 Rea
955 2260 1031 2304 ipsa
1053 2263 1170 2294 autem
1193 2260 1276 2295 licet
1297 2259 1420 2294 eadem
1442 2259 1518 2293 fere
1537 2269 1617 2293 ma·-

225 2331 326 2368 neat,
358 2326 432 2360 sive
454 2325 548 2358 hanc
579 2322 735 2367 sequaris
758 2321 914 2357 struendi
935 2321 1131 2362 rationem,
1164 2321 1239 2355 sive
1260 2320 1360 2355 iliam
1377 2346 1387 2362 ‚
1410 2320 1500 2354 mihi
1523 2322 1617 2354 certe

224 2387 342 2432 magis
365 2385 550 2431 probabile
579 2390 632 2419 cst
653 2385 697 2418 ad
718 2388 863 2428 poneret
885 2382 1033 2416 verbum
1060 2382 1224 2415 Gaudam
1247 2392 1322 2415 osse
1342 2381 1538 2415 subiectum
1562 2380 1615 2414 in-

222 2448 470 2494 telligendum3
494 2447 647 2490 primum
669 2445 763 2479 enim
786 2443 822 2478 id
844 2444 990 2478 suadent
1013 2443 1122 2477 verba
1145 2453 1238 2477 more
1258 2452 1382 2487 regum
1405 2452 1488 2475 cum
1506 2451 1615 2486 pone-

225 2515 282 2546 ret
302 2508 565 2553 coniungenda,
598 2511 674 2540 tum
698 2506 860 2539 licentiae
883 2504 1001 2545 notio,
1031 2515 1138 2547 qnam
1162 2503 1247 2547 petit
1270 2503 1432 2548 regulus,
1464 2501 1515 2536 ita
1538 2513 1614 2536 ma-

225 2571 435 2618 gisrelucet,
470 2568 617 2612 deniqne
651 2572 788 2601 mutata
821 2566 856 2600 in
881 2566 991 2600 altero
1014 2565 1172 2597 membro
1193 2567 1366 2597 structura
1399 2562 1462 2607 (de
1485 2573 1555 2606 qua
1577 2572 1613 2597 v-

225 2634 271 2668 ad
294 2628 335 2667 ej
350 2632 378 2674 1,
402 2630 437 2665 2.
461 2633 497 2664 et
520 2629 565 2663 ad
589 2628 715 2670 XLIX,
740 2628 795 2669 2.)
818 2627 852 2660 id
876 2626 1074 2661 coufirmat.
1120 2624 1210 2657 Nam
1234 2628 1388 2657 mutatae
1417 2628 1615 2658 structurae

224 2704 348 2728 caussa
371 2691 468 2726 hand
492 2689 598 2724 dubie
621 2689 654 2722 in
679 2700 720 2721 eo
744 2689 812 2722 sita
835 2691 909 2729 est,
943 2685 1034 2730 quod
1049 2709 1060 2727 ‚
1092 2696 1199 2728 quum
1237 2683 1425 2717 Sallustius
1449 2684 1613 2719 Gauda-n

221 2753 420 2789 subiectum
443 2750 541 2786 verbi
561 2754 704 2794 poneret
727 2749 939 2793 cogitasset,
959 2746 995 2780 in
1020 2747 1130 2780 altero
1154 2746 1334 2785 membro,
1359 2744 1421 2778 ubi
1444 2744 1513 2778 hoe¹
1535 2743 1618 2786 fieri*

223 2825 292 2849 non
316 2817 452 2857 poterat
467 2838 477 2855 ‚
502 2811 616 2847 solum
642 2809 881 2846 accusativum
904 2813 1053 2842 turmam
1076 2806 1186 2841 verbo
1205 2811 1340 2851 peteret
1367 2804 1612 2840 subiunxit.—
