1702 2982
197 146 253 187 ιο
568 145 612 189 c.
645 144 978 190 SALLUSTI
1008 146 1228 191 cmsrl
1277 138 1279 141 ’

195 262 347 308 omnia
391 266 545 307 nostra
589 263 794 324 corporis
839 263 949 322 alia,
995 265 1082 309 alia
1116 265 1249 310 animi
1281 272 1487 312 naturam
1522 283 1597 314 se-

162 374 189 412 2
202 365 411 420 quuntur.
478 359 623 420 Igitur
670 362 910 420 praeclara
958 362 1122 421 facies,
1169 378 1364 425 magnae
1405 364 1597 422 divitiae,

193 458 254 503 ad
287 458 379 502 hoc
413 457 478 501 vis
516 459 718 517 corporis
749 465 794 503 et
822 459 909 503 alia
938 460 1090 504 omnia
1124 459 1435 507 huiuscemodi
1468 462 1600 523 brevi

193 556 473 609 dilabuntur3
517 562 563 599 at
601 556 753 616 ingeni
797 558 985 617 egregia
1029 557 1231 603 facinora
1275 559 1404 605 sicuti
1450 559 1596 604 anima

158 652 458 702 3immortalia
494 658 607 699 sunt.
675 653 915 698 Postremo
944 655 1148 716 corporis
1184 662 1229 701 et
1262 656 1471 702 fortunae
1503 656 1594 702 bo-

189 766 350 797 norum
383 755 434 795 ut
466 749 664 807 initium,
699 750 762 795 sic
795 752 894 796 finis
931 758 1021 809 est,
1058 754 1299 813 omniaque
1333 760 1433 800 orta
1467 755 1594 800 occi-

187 920 299 956 ctiore
319 930 424 955 sensu
445 918 491 953 de
513 917 651 963 potiore
670 922 809 954 tantum
832 918 887 953 sui
910 922 1033 963 parte,
1054 920 1082 957 i.
1105 932 1137 957 e.
1160 921 1204 955 de
1227 921 1345 956 animo
1366 919 1592 966 intelligitur,

188 983 264 1027 (cf.
290 982 369 1016 Cat.
393 980 439 1023 Il,
462 978 528 1024 8.)
564 990 676 1023 eoque
700 980 857 1021 factum,
889 985 929 1015 ut
953 981 1160 1024 Sallustius,
1196 993 1305 1026 quum
1327 982 1442 1027 primo
1465 982 1503 1017 in
1524 982 1592 1016 ho-

186 1043 323 1077 minum
353 1045 479 1075 natura
514 1040 721 1084 explicanda
753 1040 870 1085 magis
901 1042 1060 1086 generali
1092 1053 1182 1077 voce
1216 1044 1359 1079 animae
1381 1054 1466 1078 usus
1488 1045 1590 1085 esset,

185 1115 269 1140 mox
292 1103 329 1138 in
352 1103 428 1136 eius
450 1102 570 1136 locum
602 1101 834 1136 definitiorem
859 1103 969 1137 animi
990 1102 1227 1138 substitueret.
1258 1123 1306 1131 --
1340 1104 1468 1138 Omm'a
1501 1103 1591 1138 Cor-

184 1165 255 1202 tius
285 1165 403 1209 inepte
433 1163 509 1198 cod.
541 1163 669 1198 Franc.
699 1163 909 1199 auctoritate
939 1164 1064 1200 abesse
1086 1165 1189 1207 vult,
1222 1152 1309 1210 iluia
1330 1165 1402 1201 ista
1422 1164 1523 1202 notio
1545 1175 1590 1200 ex

183 1231 329 1262 cunctae
355 1236 443 1259 voce
464 1224 696 1270 intelligatur.

276 1290 310 1331 §-
333 1288 368 1323 2.
416 1290 451 1322 et
469 1286 545 1320 alia
563 1286 681 1319 omnia
701 1285 961 1331 huiuscemodi]
989 1285 1057 1331 Et,
1082 1287 1177 1332 quod
1200 1287 1340 1323 Cor-tius
1359 1287 1469 1323 Acad.
1488 1297 1589 1323 aecu-

181 1354 239 1386 tus
256 1349 419 1391 eiecerat,
443 1347 655 1381 Gerlachius
675 1350 770 1381 recte
787 1346 872 1381 vidit
894 1351 1038 1391 propter
1054 1359 1297 1394 praegressum
1322 1349 1371 1383 ad
1393 1349 1468 1390 hoc,
1493 1348 1587 1392 quod

181 1412 301 1456 ipsum
325 1410 472 1454 copulae
494 1408 610 1442 vicem
634 1408 805 1444 sustinere
836 1409 990 1444 diximus
1013 1410 1057 1444 ad
1082 1409 1188 1446 Catil.
1210 1411 1352 1453 XXXI,
1374 1409 1433 1454 8.,
1470 1408 1588 1444 omitti

181 1485 250 1508 nou
274 1483 396 1517 posse3
419 1482 502 1506 nam
525 1469 588 1504 ubi
606 1469 643 1504 iu
662 1469 919 1514 quadripartita
943 1470 1116 1506 divisione
1134 1472 1277 1507 tertium
1298 1473 1500 1507 membrum
1521 1483 1585 1506 co-

180 1536 303 1580 pulam
326 1534 452 1575 habet,
478 1535 646 1576 quartum
668 1541 738 1565 non
771 1535 885 1575 potest
908 1528 1117 1568 ἀσύνδετον
1149 1543 1236 1567 esse.
1273 1551 1321 1559 -—
1349 1533 1434 1568 Alia
1466 1533 1585 1567 omnia

180 1595 416 1631 huiuscemodi
447 1592 604 1638 plerique
638 1595 755 1627 tenent
787 1592 907 1635 codd.;
950 1593 1010 1627 sed
1043 1596 1211 1637 quattuor
1244 1593 1356 1630 Cortii
1395 1598 1433 1630 et
1462 1605 1584 1630 omues

178 1657 299 1693 Leidd.
317 1658 462 1700 excepto
475 1655 529 1697 L„
550 1654 786 1689 huiuscemodi
808 1653 1050 1698 interponunt,
1072 1666 1178 1700 quem
1200 1655 1390 1690 verborum
1412 1655 1582 1701 ordinem,

179 1731 203 1754 a
226 1718 347 1753 Cortio
381 1721 584 1760 receptum,
629 1714 840 1749 Gerlachius
862 1718 1047 1759 propterea
1081 1716 1215 1758 reiicit,
1249 1718 1343 1761 quod
1362 1718 1442 1751 ulia
1462 1718 1582 1752 omnia

179 1780 335 1815 formula
357 1778 510 1814 solennis
532 1776 578 1811 sit
609 1776 703 1820 apud
726 1775 948 1809 Sallustium.
996 1775 1068 1810 Sed
1097 1788 1140 1811 ea
1163 1777 1206 1810 de
1228 1788 1351 1812 caussa
1374 1777 1490 1822 potius
1509 1778 1582 1812 hae

178 1854 285 1877 voces
307 1839 572 1884 coniungendae
594 1841 685 1879 sunt,
720 1835 814 1880 quod
836 1835 1039 1880 Sallustius,
1070 1848 1115 1871 ne
1137 1838 1242 1881 plura
1264 1841 1457 1882 enumeret,
1488 1838 1579 1872 reli-

177 1915 248 1938 cua
271 1901 556 1946 comprehendit3
595 1910 704 1945 quare
726 1908 837 1942 quum
867 1896 1038 1940 primaria
1061 1898 1158 1932 notio
1188 1898 1270 1933 insit
1301 1899 1338 1933 in
1360 1888 1580 1934 verbis-alia

177 1965 316 2006 omnia,
353 1965 624 1997 consentaneum
646 1963 698 1995 est
731 1970 774 1994 ea
796 1957 982 2003 coniungi,
1022 1957 1136 2003 iisque
1157 1959 1355 1994 accuratius
1375 1960 1580 1995 deliniendis

175 2036 368 2072 pronomen
399 2022 545 2065 subiici3
581 2032 664 2056 nam
696 2020 932 2057 huiuscemodi
953 2019 1091 2064 plenius
1114 2023 1167 2055 est
1200 2032 1292 2065 quae
1313 2021 1451 2066 quidem
1474 2021 1578 2055 huius

175 2089 317 2135 generis
333 2091 427 2121 sunt.
474 2085 520 2118 cf.
544 2095 575 2118 c.
594 2084 654 2126 lv,
676 2082 713 2119 8.
737 2081 800 2117 ubi
823 2081 919 2116 idem
942 2081 1132 2117 verborum
1149 2081 1236 2116 ordo
1257 2080 1333 2116 sine
1355 2082 1429 2118 ulla
1445 2081 1576 2118 discre-

114 2147 116 2149 ’
175 2149 296 2195 pantia
325 2145 487 2182 recurrit.

105 2250 110 2253 ¹
269 2212 302 2253 §.
324 2208 360 2245 3.
409 2212 448 2241 ut
470 2205 622 2246 initium,
644 2204 693 2238 sic
709 2204 794 2248 finis
817 2203 894 2246 est]
926 2202 984 2237 Sic
1008 2213 1128 2237 omnes
1151 2202 1252 2240 codd.
1275 2205 1412 2244 tenent,
1435 2204 1575 2246 praeter

175 2271 298 2307 Guelt.
319 2269 354 2304 3.
387 2274 422 2303 et
442 2268 554 2304 Heus.
588 2277 675 2311 quos
702 2263 840 2299 Cottius
872 2274 1058 2308 perperam
1091 2267 1232 2299 secutus
1265 2266 1332 2298 est.
1374 2263 1498 2307 Neque
1518 2265 1574 2297 ta-

174 2343 256 2368 men
278 2335 320 2366 ut
340 2347 388 2356 —
410 2330 459 2363 sic
482 2327 674 2373 particulae
697 2325 898 2371 significant
920 2325 1004 2370 quia
1027 2343 1075 2353 —·
1098 2324 1152 2359 ita
1176 2324 1302 2367 etiam,
1334 2325 1429 2369 quod
1450 2322 1574 2359 Curtio

173 2396 361 2440 praeeunte
383 2390 524 2436 repetiit
556 2387 786 2429 Gerlachius;
823 2386 907 2431 quin
930 2386 1047 2431 potius
1075 2386 1167 2420 haec
1189 2396 1312 2419 earum
1333 2387 1486 2428 potestas
1507 2388 1572 2427 est,

174 2459 215 2491 ut
238 2456 328 2490 duae
349 2463 418 2495 res,
441 2462 530 2496 quae
554 2449 711 2486 subiecto
732 2448 947 2489 tribuuntur,
968 2446 1044 2481 sive
1066 2447 1194 2481 ambae
1216 2445 1360 2488 aientes,
1383 2444 1459 2479 sive
1474 2444 1573 2480 aim

173 2518 306 2559 altera,
331 2515 444 2550 altera
465 2522 619 2557 negans,
649 2510 732 2555 pari
754 2510 857 2554 plane
879 2509 916 2544 vi
939 2507 1006 2542 sibi
1029 2510 1242 2551 aequentur-3
1265 2505 1359 2550 quod
1381 2516 1480 2539 secus
1501 2508 1568 2550 est,

174 2578 237 2613 ubi
254 2581 292 2612 ut
307 2575 423 2611 solum
441 2574 560 2608 locum
575 2571 696 2615 habet,
721 2570 851 2605 omissa
867 2570 904 2604 in
923 2570 1034 2604 altera
1051 2572 1149 2611 parte
1167 2567 1216 2601 sic
1232 2567 1291 2600 vel
1311 2566 1364 2601 ita
1381 2565 1569 2610 particula.

173 2639 316 2685 Quippe
345 2640 422 2672 tum
451 2635 520 2670 ista
550 2633 678 2667 vocula
707 2631 928 2666 similitudini
959 2632 1096 2664 tautum
1127 2626 1382 2670 comparandae
1410 2624 1568 2667 inservit,

173 2699 383 2746 primarium
406 2694 597 2732 sententiae
618 2693 736 2727 locum
761 2703 803 2726 eo
826 2691 985 2725 membro
1008 2688 1207 2732 obtinente,
1243 2688 1336 2732 quod
1358 2686 1433 2721 sine
1454 2684 1567 2731 parti-

175 2762 257 2798 cula
281 2765 346 2803 est,
367 2770 402 2797 v,
427 2770 458 2793 c.
479 2757 554 2793 Cic.
576 2755 621 2792 de
644 2752 716 2790 Off.
740 2754 768 2796 1,
791 2751 851 2797 42,
876 2751 910 2787 9.
932 2751 964 2788 εἰ
986 2749 1221 2796 (mercatura)
1246 2749 1384 2784 satiata
1406 2750 1567 2792 quaestu,
