1702 2982
199 178 255 219 12
573 139 973 220 G.SALLUST1
1002 177 1229 222 CRISPI

196 291 451 337 mortalium
487 298 577 351 est,
614 294 784 339 incultu
819 299 955 353 atque
990 296 1197 340 socordia
1230 301 1493 357 torpescere
1528 296 1589 341 si-

195 395 331 451 nunt⁷
379 405 519 449 quum
562 391 829 451 praesertim
872 398 965 436 tam
1008 393 1175 438 multae
1219 394 1460 453 variaeque
1506 393 1591 439 sint

194 493 311 533 artes
348 488 504 547 animi,
541 488 702 548 quibus
738 504 912 535 summa
938 490 1158 537 claritudo
1186 497 1381 553 paratur.

193 633 231 667 in
254 654 302 660 -
326 634 427 678 bilis,
459 633 502 668 de
525 645 596 679 qua
618 645 658 670 re
681 644 717 670 v.
741 635 786 670 ad
810 647 841 672 c.
863 635 1019 681 LXXVI,
1043 637 1079 672 1.
1102 635 1219 675 Tacit.
1247 636 1342 672 Hist.
1366 636 1396 679 1,
1419 634 1478 680 35,
1501 637 1587 670 extr.

196 696 312 730 Galba
335 697 549 731 minantibus
570 697 785 742 intrepidus,
807 698 975 732 adversus
1001 698 1219 733 blandientes
1240 698 1553 742 incorruptus.

290 759 324 800 §-
348 756 383 791 4.
430 759 617 803 pravitas]
647 759 798 793 Pravum
821 759 904 803 qnid
927 760 983 802 sit,
1005 759 1138 793 dictum
1161 759 1206 794 ad
1224 759 1300 794 Cat.
1309 758 1398 801 V,1.
1416 756 1519 803 [λῃ.
1542 774 1589 782 -

193 818 376 853 Admirari
399 829 467 852 non
491 819 606 853 solum
629 819 675 854 de
697 820 801 854 rebus
824 820 929 855 laude
951 819 1067 865 dignis
1089 819 1229 864 dicitur,
1252 820 1312 854 sed
1335 818 1441 854 etiam
1465 818 1509 851 de
1531 815 1588 859 iis,

191 890 284 924 quae
305 879 405 914 nobis
429 879 612 924 displicent
634 884 669 915 et
691 881 873 916 insolentia
896 882 961 915 sua
983 881 1180 922 offendunt,
1216 891 1286 924 quo
1317 891 1423 915 sensu
1442 878 1590 924 gravius

191 940 265 975 dici
287 952 393 985 quam
418 942 542 977 mirari
564 947 660 977 recte
683 942 885 978 observavit
907 943 1024 977 Faber
1046 942 1092 976 ad
1114 942 1153 976 h.
1178 942 1204 976 Ι.
1251 942 1297 976 ct.
1331 940 1511 975 Daehnius
1541 939 1588 973 ad

190 1001 279 1046 Nep.
305 1002 423 1037 Praef.
448 1004 481 1045 §-
505 1003 539 1037 3.
589 1004 671 1038 Non
708 1004 997 1046 admirabuntur,
1031 1015 1093 1038 nos
1131 1002 1317 1037 Graiorum
1349 1012 1462 1036 mores
1489 1011 1587 1035 secu—

190 1067 254 1097 tos.
303 1063 473 1099 Goerenz.
498 1064 543 1099 ad
570 1065 644 1100 Cic.
669 1065 713 1100 de
734 1065 838 1100 Finn.
863 1065 892 1107 1,
917 1065 952 1107 2,
977 1064 1012 1099 4.
1036 1084 1082 1092 -—
1107 1065 1266 1109 Corporis
1295 1062 1475 1109 gaudia
1505 1072 1588 1095 cou-

152 1139 155 1144 ,
190 1127 247 1159 tra
270 1135 372 1159 usum
395 1125 528 1159 dictum
551 1125 710 1169 videtur,
735 1126 766 1161 si
790 1126 994 1160 Ciceronem
1016 1125 1223 1167 audiamus,
1246 1124 1283 1159 in
1306 1123 1503 1158 delinienda
1523 1133 1588 1157 vo-
1627 1164 1630 1168 .

188 1185 326 1229 luptatc
348 1185 392 1219 de
414 1186 517 1220 Finn.
540 1187 586 1229 II,
610 1186 646 1231 4,
670 1186 726 1223 13.
749 1187 800 1222 ita
823 1190 1050 1222 statuentem:
1083 1188 1244 1231 voluptas
1269 1181 1398 1221 dicitur
1422 1185 1531 1220 etiam
1550 1184 1588 1218 iu

189 1247 331 1288 animo3
355 1259 424 1281 non
447 1248 577 1282 dicitur
601 1249 740 1285 laetitia
761 1259 824 1283 nec
846 1248 1068 1293 gaudiam
1091 1248 1136 1282 in
1160 1258 1363 1293 corpore.
1408 1246 1480 1280 Sed
1502 1236 1589 1280 scite

189 1307 309 1342 Faber
338 1319 415 1342 rem
441 1308 636 1353 expedivit,
673 1320 818 1344 mouens
842 1310 982 1354 gaudia
1012 1309 1050 1342 h.
1073 1309 1099 1345 I.
1126 1308 1218 1353 dici,
1248 1312 1418 1353 quatenus
1448 1306 1588 1342 animun

186 1381 253 1415 per
282 1382 406 1415 corpus
427 1370 608 1414 voluptate
631 1370 703 1405 frui
725 1370 922 1417 cogitetur,
959 1371 1052 1414 quod
1075 1370 1180 1415 plane
1202 1358 1367 1415 congruit
1396 1379 1478 1403 cum
1501 1367 1587 1412 Epi-

189 1440 376 1464 cureorum
407 1431 565 1474 ratione3
608 1433 655 1467 cf.
689 1432 763 1468 Cic.
798 1431 926 1466 Tusce.
956 1431 998 1475 V,
1032 1430 1092 1472 33,
1121 1430 1179 1464 96.
1216 1431 1389 1475 Epicurus
1413 1429 1586 1475 praecipit

189 1491 308 1524 omnia
329 1492 503 1533 iucunda,
527 1505 740 1538 quamquam
761 1503 863 1526 sensu
881 1492 1031 1536 corporis
1049 1491 1264 1534 iudicentur,
1288 1492 1335 1525 ad
1354 1492 1509 1525 animum
1528 1502 1585 1525 re-

184 1551 279 1594 ferri
297 1556 437 1593 tamma,-
465 1541 625 1598 quocirca
652 1565 813 1599 corpus
835 1553 1041 1598 gaudere
1066 1558 1141 1588 tam
1161 1553 1243 1593 dia,
1271 1552 1354 1586 dam
1366 1556 1585 1597 praesentem

188 1612 392 1647 sentiret
432 1614 659 1658 voluptatem.
714 1615 835 1649 Minus
868 1613 1051 1649 commode
1078 1613 1311 1648 Doederlinus
1345 1612 1474 1658 Synou.
1505 1612 1583 1648 Lat.

188 1673 266 1707 Vol.
289 1674 348 1707 111.
374 1685 410 1718 p.
433 1674 515 1709 242.
539 1675 574 1710 5.
607 1676 780 1721 gaudium
809 1678 927 1709 nostro
959 1675 1042 1709 loco
1076 1675 1200 1709 obiecti
1233 1674 1308 1710 vim
1341 1675 1475 1709 habere
1503 1684 1585 1708 ceu-

186 1736 251 1769 set.
274 1754 321 1759 —
344 1734 415 1769 Pro
443 1741 589 1780 atque
612 1737 794 1781 ignaviam
819 1737 915 1771 Gerl.
939 1747 982 1771 ex
1004 1736 1126 1780 paucis
1150 1735 1251 1773 codd.
1268 1735 1408 1780 scripsit
1430 1739 1473 1769 et
1494 1735 1583 1780 ign„

187 1795 283 1838 quod
305 1794 411 1830 etiam
435 1797 481 1830 ad
504 1796 579 1830 vim
601 1797 792 1832 sententiae
814 1796 964 1831 deterius
987 1800 1058 1839 est3
1081 1807 1116 1833 v,
1135 1797 1250 1830 Hand.
1273 1796 1318 1830 de
1337 1795 1486 1831 Partica.
1502 1795 1582 1830 Lat.

190 1856 270 1890 Vol.
292 1850 323 1890 Ι.
346 1868 380 1901 p.
401 1856 482 1891 464.
506 1857 541 1892 6.
565 1877 610 1882 -
637 1859 703 1892 Per
719 1859 837 1892 luxum
857 1862 963 1902 atque
981 1857 1164 1904 ignaviam
1187 1856 1364 1901 quomodo
1385 1856 1516 1890 dictum
1536 1855 1585 1891 sit

188 1917 441 1961 explicavimus
465 1918 510 1952 ad
535 1918 611 1952 Cat.
638 1919 718 1960 XX,
742 1919 776 1953 2.
800 1930 833 1962 p.
854 1919 913 1953 97.
947 1937 995 1944 -—
1029 1919 1193 1952 Aetatem
1212 1922 1345 1963 agunt,
1376 1927 1412 1952 V.
1435 1917 1480 1951 ad
1504 1916 1583 1952 Cat.

186 1979 247 2020 IV,
272 1979 306 2012 1.
330 1990 364 2023 p.
387 1979 446 2016 23.
469 1982 504 2013 et
526 1980 572 2013 ad
595 1980 774 2022 XXXVII,
793 1979 826 2014 6.
852 1991 886 2024 p.
901 1978 983 2016 173.
1005 1998 1054 2004 —
1078 1979 1236 2014 ceterum
1259 1990 1324 2023 pro
1345 1978 1408 2013 sed
1428 1978 1583 2022 positum

187 2040 285 2075 haud
316 2041 367 2075 ita
397 2052 540 2084 rarum,
575 2052 687 2085 neque
716 2040 887 2083 insolens;
920 2040 957 2075 in
988 2043 1157 2085 promptu
1179 2042 1232 2074 est
1254 2039 1367 2082 enim,
1399 2039 1491 2084 quod
1515 2034 1583 2074 ali'-

188 2102 300 2136 eunde
321 2102 517 2137 excluditur
538 2103 598 2137 vel
619 2103 804 2148 excipitur,
829 2103 1022 2147 oppositam
1045 2113 1122 2136 esse
1143 2101 1179 2135 ei
1199 2100 1263 2145 rei,
1286 2101 1378 2134 unde
1401 2102 1583 2144 exceptum

189 2167 260 2207 est,
285 2174 320 2197 v.
344 2164 461 2198 Hand.
486 2163 529 2197 de
552 2163 700 2198 Particc.
724 2164 816 2198 Latt.
839 2164 916 2198 Vol.
939 2164 982 2198 11.
1008 2175 1044 2207 p.
1066 2162 1126 2197 34.
1149 2163 1183 2206 §.
1207 2162 1241 2196 1.
1265 2164 1300 2195 et
1322 2160 1357 2195 4.
1405 2161 1452 2195 cf.
1480 2160 1583 2195 Catil.

187 2225 248 2266 LI,
270 2224 328 2260 26.
352 2226 430 2270 lug.
454 2225 512 2267 IV,
537 2224 572 2259 1.
596 2225 687 2267 XIV,
711 2225 744 2259 1.
768 2225 825 2259 12.
849 2225 927 2267 XV,
953 2224 987 2259 4.
1011 2223 1121 2267 XVII,
1146 2222 1181 2259 7.
1207 2222 1320 2264 XXII,
1343 2221 1378 2256 3.
1403 2222 1524 2264 XLVI,
1545 2221 1581 2256 4.

188 2285 345 2328 XLVIII,
377 2286 411 2319 1.
454 2286 527 2328 LII,
562 2286 596 2320 1.
634 2286 756 2329 LVIII,
787 2285 822 2322 3.
862 2286 974 2328 LXX,
1010 2282 1045 2320 5.
1090 2284 1247 2326 LXXVI,
1270 2283 1306 2318 1.
1347 2282 1526 2325 LXXXII,
1546 2281 1580 2316 1.

186 2347 383 2389 LXXXIII,
408 2346 443 2381 1.
485 2347 677 2389 LXXXIV,
704 2346 739 2381 3.
783 2345 898 2380 Tacit.
922 2346 1013 2380 Ann.
1035 2345 1093 2386 lv,
1115 2344 1176 2386 33,
1206 2343 1296 2378 med.
1340 2344 1496 2378 Historr.
1518 2343 1581 2384 111,

187 2409 247 2451 66,
272 2409 320 2443 ἰη.
357 2407 435 2443 Liv.
460 2407 607 2449 XXXII,
630 2406 689 2450 17,
712 2406 746 2442 6.
777 2407 955 2442 Drakenb.
979 2407 1024 2441 ad
1045 2407 1110 2448 IX,
1131 2405 1190 2448 46,
1214 2405 1250 2442 1.
1271 2423 1319 2430 --
1339 2404 1412 2438 Pro
1432 2403 1583 2448 amplius

188 2469 289 2504 aliud
324 2467 482 2504 nonnulli
516 2467 639 2510 codd.,
675 2467 808 2511 pariter
830 2473 869 2502 ut
892 2480 923 2502 c.
946 2468 975 2509 1,
997 2467 1057 2509 2.,
1088 2467 1221 2502 habent
1252 2476 1346 2510 amp.
1378 2463 1582 2509 aliquid,

187 2530 361 2566 incertum
392 2529 548 2571 incuria,
584 2539 629 2563 au
661 2539 704 2562 ex
738 2528 1019 2573 interpolatione.
1067 2527 1187 2572 Neque
1208 2530 1325 2561 tamen
1349 2536 1430 2558 cum
1454 2525 1582 2559 Gerla-

186 2591 269 2626 chio
297 2591 342 2626 ad
370 2591 408 2625 h.
434 2590 458 2625 l.
491 2589 639 2624 dixerim
670 2589 768 2623 aliud
800 2588 1008 2632 simpliciter
1028 2600 1093 2633 pro
1113 2588 1298 2632 quicquam
1321 2597 1395 2620 esse
1416 2586 1580 2630 positum,

185 2664 295 2697 quum
326 2651 569 2686 tantummodo
602 2653 681 2695 post
711 2649 991 2693 comparativum
1031 2658 1110 2681 cum
1142 2645 1329 2691 negatione
1358 2645 1581 2680 coniunctum

186 2714 238 2749 ita
267 2712 487 2758 reperiatur,
520 2711 692 2756 siquidem
723 2709 902 2744 indefinite
931 2707 1153 2743 enunciatum
1182 2710 1341 2750 respectu
1363 2706 1460 2748 eius,
1492 2716 1581 2750 quo-

187 2787 268 2811 cum
288 2776 536 2820 comparatur,
562 2771 661 2808 aliud
683 2773 747 2807 eet.
794 2770 840 2805 cf.
863 2770 943 2817 lug.
965 2769 1084 2812 xcvi,
1107 2768 1143 2804 3.
1180 2768 1282 2803 Sulla
1300 2778 1410 2813 neque
1429 2765 1602 2808 concilias
