<?xml version="1.0" encoding="UTF-8"?>
<!DOCTYPE html PUBLIC "-//W3C//DTD XHTML 1.0 Transitional//EN"
    "http://www.w3.org/TR/xhtml1/DTD/xhtml1-transitional.dtd">
<html xmlns="http://www.w3.org/1999/xhtml" xml:lang="en" lang="en">
 <head>
  <title>
</title>
<meta http-equiv="Content-Type" content="text/html;charset=utf-8" />
  <meta name='ocr-system' content='tesseract 3.04.00' />
  <meta name='ocr-capabilities' content='ocr_page ocr_carea ocr_par ocr_line ocrx_word'/>
</head>
<body>
  <div class='ocr_page' id='page_1' title='image "./operaquaesupersu02salluoft/operaquaesupersu02salluoft_0258.png"; bbox 0 0 1716 2996; ppageno 0'>
   <div class='ocr_carea' id='block_1_1' title="bbox 162 111 1549 225">
    <p class='ocr_par' dir='ltr' id='par_1_1' title="bbox 162 111 1549 225">
     <span class='ocr_line' id='line_1_1' title="bbox 162 111 1549 225; baseline -0.001 0"><span class='ocrx_word' id='word_1_1' title='bbox 162 181 250 225; x_wconf 72' lang='lat'><strong>286</strong></span> <span class='ocrx_word' id='word_1_2' title='bbox 531 179 579 225; x_wconf 88' lang='lat' dir='ltr'><strong>c.</strong></span> <span class='ocrx_word' id='word_1_3' title='bbox 610 178 940 224; x_wconf 78' lang='lat' dir='ltr'>SALLUSTI</span> <span class='ocrx_word' id='word_1_4' title='bbox 970 178 1187 225; x_wconf 75' lang='lat' dir='ltr'><strong>cmsri</strong></span> <span class='ocrx_word' id='word_1_5' title='bbox 1438 199 1457 223; x_wconf 88' lang='lat'><strong>.-</strong></span> <span class='ocrx_word' id='word_1_6' title='bbox 1531 111 1549 154; x_wconf 16' lang='lat' dir='ltr'><strong>x*</strong></span> 
     </span>
    </p>
   </div>
   <div class='ocr_carea' id='block_1_2' title="bbox 124 294 1557 551">
    <p class='ocr_par' dir='ltr' id='par_1_2' title="bbox 124 294 1557 551">
     <span class='ocr_line' id='line_1_2' title="bbox 124 294 1555 358; baseline 0 -16"><span class='ocrx_word' id='word_1_7' title='bbox 124 297 284 346; x_wconf 79' lang='lat' dir='ltr'><strong>2Nam</strong></span> <span class='ocrx_word' id='word_1_8' title='bbox 317 301 422 341; x_wconf 80' lang='lat' dir='ltr'><strong>ante</strong></span> <span class='ocrx_word' id='word_1_9' title='bbox 461 294 787 357; x_wconf 77' lang='lat' dir='ltr'>Carthaginem</span> <span class='ocrx_word' id='word_1_10' title='bbox 821 296 1017 342; x_wconf 86' lang='lat' dir='ltr'><strong>deletam</strong></span> <span class='ocrx_word' id='word_1_11' title='bbox 1051 297 1251 358; x_wconf 74' lang='lat' dir='ltr'><strong>populus</strong></span> <span class='ocrx_word' id='word_1_12' title='bbox 1291 303 1338 343; x_wconf 86' lang='lat' dir='ltr'><strong>et</strong></span> <span class='ocrx_word' id='word_1_13' title='bbox 1376 303 1555 343; x_wconf 82' lang='lat' dir='ltr'><strong>senatus</strong></span> 
     </span>
     <span class='ocr_line' id='line_1_3' title="bbox 164 392 1557 455; baseline 0 -16"><span class='ocrx_word' id='word_1_14' title='bbox 164 395 400 445; x_wconf 83' lang='lat' dir='ltr'><strong>Romanus</strong></span> <span class='ocrx_word' id='word_1_15' title='bbox 433 392 614 454; x_wconf 82' lang='lat' dir='ltr'><strong>placide</strong></span> <span class='ocrx_word' id='word_1_16' title='bbox 649 392 944 452; x_wconf 82' lang='lat' dir='ltr'><strong>modesteque</strong></span> <span class='ocrx_word' id='word_1_17' title='bbox 979 394 1094 439; x_wconf 85' lang='lat' dir='ltr'><strong>inter</strong></span> <span class='ocrx_word' id='word_1_18' title='bbox 1139 409 1188 439; x_wconf 83' lang='lat' dir='ltr'><strong>se</strong></span> <span class='ocrx_word' id='word_1_19' title='bbox 1231 394 1557 455; x_wconf 80' lang='lat' dir='ltr'><strong>rempublicam</strong></span> 
     </span>
     <span class='ocr_line' id='line_1_4' title="bbox 166 490 1557 551; baseline -0.001 -15"><span class='ocrx_word' id='word_1_20' title='bbox 166 491 443 546; x_wconf 80' lang='lat' dir='ltr'><strong>tractabant3</strong></span> <span class='ocrx_word' id='word_1_21' title='bbox 483 505 634 550; x_wconf 90' lang='lat' dir='ltr'><strong>neque</strong></span> <span class='ocrx_word' id='word_1_22' title='bbox 668 491 841 551; x_wconf 84' lang='lat' dir='ltr'><strong>gloriae</strong></span> <span class='ocrx_word' id='word_1_23' title='bbox 875 506 1024 551; x_wconf 91' lang='lat' dir='ltr'><strong>neque</strong></span> <span class='ocrx_word' id='word_1_24' title='bbox 1059 490 1368 535; x_wconf 86' lang='lat' dir='ltr'><strong>dominationis</strong></span> <span class='ocrx_word' id='word_1_25' title='bbox 1411 497 1557 536; x_wconf 81' lang='lat' dir='ltr'><strong>certa-</strong></span> 
     </span>
    </p>
   </div>
   <div class='ocr_carea' id='block_1_3' title="bbox 169 587 1561 642">
    <p class='ocr_par' dir='ltr' id='par_1_3' title="bbox 169 587 1561 642">
     <span class='ocr_line' id='line_1_5' title="bbox 169 587 1561 642; baseline -0.002 -7"><span class='ocrx_word' id='word_1_26' title='bbox 169 605 275 635; x_wconf 89' lang='lat' dir='ltr'><strong>men</strong></span> <span class='ocrx_word' id='word_1_27' title='bbox 308 588 426 633; x_wconf 87' lang='lat' dir='ltr'><strong>inter</strong></span> <span class='ocrx_word' id='word_1_28' title='bbox 461 588 568 633; x_wconf 84' lang='lat' dir='ltr'><strong>civis</strong></span> <span class='ocrx_word' id='word_1_29' title='bbox 610 593 728 642; x_wconf 83' lang='lat' dir='ltr'><strong>erat3</strong></span> <span class='ocrx_word' id='word_1_30' title='bbox 765 593 909 633; x_wconf 85' lang='lat' dir='ltr'><strong>metus</strong></span> <span class='ocrx_word' id='word_1_31' title='bbox 945 587 1116 632; x_wconf 84' lang='lat' dir='ltr'><strong>hostilis</strong></span> <span class='ocrx_word' id='word_1_32' title='bbox 1151 588 1197 632; x_wconf 89' lang='lat' dir='ltr'><strong>in</strong></span> <span class='ocrx_word' id='word_1_33' title='bbox 1230 588 1359 632; x_wconf 87' lang='lat' dir='ltr'><strong>bonis</strong></span> <span class='ocrx_word' id='word_1_34' title='bbox 1395 588 1561 632; x_wconf 84' lang='lat' dir='ltr'><strong>artibus</strong></span> 
     </span>
    </p>
   </div>
   <div class='ocr_carea' id='block_1_4' title="bbox 170 713 1585 2826">
    <p class='ocr_par' dir='ltr' id='par_1_4' title="bbox 170 713 1563 882">
     <span class='ocr_line' id='line_1_6' title="bbox 170 713 1562 760; baseline -0.002 -9"><span class='ocrx_word' id='word_1_35' title='bbox 170 719 223 752; x_wconf 87' lang='lat' dir='ltr'><strong>est</strong></span> <span class='ocrx_word' id='word_1_36' title='bbox 244 713 457 760; x_wconf 79' lang='lat' dir='ltr'><strong>Heusinger.</strong></span> <span class='ocrx_word' id='word_1_37' title='bbox 479 714 525 749; x_wconf 84' lang='lat' dir='ltr'><strong>ad</strong></span> <span class='ocrx_word' id='word_1_38' title='bbox 550 713 623 749; x_wconf 87' lang='lat' dir='ltr'><strong>Cic.</strong></span> <span class='ocrx_word' id='word_1_39' title='bbox 640 713 684 749; x_wconf 88' lang='lat' dir='ltr'><strong>de</strong></span> <span class='ocrx_word' id='word_1_40' title='bbox 703 713 777 749; x_wconf 84' lang='lat' dir='ltr'><strong>off.</strong></span> <span class='ocrx_word' id='word_1_41' title='bbox 793 714 838 759; x_wconf 86' lang='grc' dir='ltr'><strong>ΙΙ,</strong></span> <span class='ocrx_word' id='word_1_42' title='bbox 861 713 897 756; x_wconf 82' lang='lat'><strong>4,</strong></span> <span class='ocrx_word' id='word_1_43' title='bbox 919 713 955 750; x_wconf 84' lang='lat'><strong>3.</strong></span> <span class='ocrx_word' id='word_1_44' title='bbox 977 717 1014 749; x_wconf 85' lang='lat' dir='ltr'><strong>et</strong></span> <span class='ocrx_word' id='word_1_45' title='bbox 1035 713 1258 759; x_wconf 79' lang='lat' dir='ltr'><strong>Oudendorp.</strong></span> <span class='ocrx_word' id='word_1_46' title='bbox 1281 715 1327 750; x_wconf 92' lang='lat' dir='ltr'><strong>ad</strong></span> <span class='ocrx_word' id='word_1_47' title='bbox 1350 715 1450 751; x_wconf 81' lang='lat' dir='ltr'><strong>Caes.</strong></span> <span class='ocrx_word' id='word_1_48' title='bbox 1463 714 1508 749; x_wconf 83' lang='grc' dir='ltr'><strong>Β.</strong></span> <span class='ocrx_word' id='word_1_49' title='bbox 1523 715 1562 748; x_wconf 83' lang='lat' dir='ltr'><strong>G.</strong></span> 
     </span>
     <span class='ocr_line' id='line_1_7' title="bbox 171 775 1563 820; baseline -0.002 -8"><span class='ocrx_word' id='word_1_50' title='bbox 171 777 213 820; x_wconf 89' lang='grc' dir='ltr'><strong>Ι,</strong></span> <span class='ocrx_word' id='word_1_51' title='bbox 235 777 260 811; x_wconf 77' lang='grc'>7</span> <span class='ocrx_word' id='word_1_52' title='bbox 269 802 280 819; x_wconf 90' lang='grc'><em>,</em></span> <span class='ocrx_word' id='word_1_53' title='bbox 303 776 359 818; x_wconf 73' lang='lat'><strong>4.;</strong></span> <span class='ocrx_word' id='word_1_54' title='bbox 384 775 445 810; x_wconf 89' lang='lat' dir='ltr'><strong>sed</strong></span> <span class='ocrx_word' id='word_1_55' title='bbox 468 778 544 810; x_wconf 94' lang='lat' dir='ltr'><strong>tum</strong></span> <span class='ocrx_word' id='word_1_56' title='bbox 566 776 655 810; x_wconf 86' lang='lat' dir='ltr'><strong>haec</strong></span> <span class='ocrx_word' id='word_1_57' title='bbox 677 775 757 820; x_wconf 82' lang='lat' dir='ltr'><strong>ipsa</strong></span> <span class='ocrx_word' id='word_1_58' title='bbox 778 775 964 820; x_wconf 82' lang='lat' dir='ltr'><strong>exempla,</strong></span> <span class='ocrx_word' id='word_1_59' title='bbox 985 778 1061 810; x_wconf 93' lang='lat' dir='ltr'><strong>tum</strong></span> <span class='ocrx_word' id='word_1_60' title='bbox 1084 785 1146 818; x_wconf 85' lang='lat' dir='ltr'><strong>ea,</strong></span> <span class='ocrx_word' id='word_1_61' title='bbox 1170 786 1262 820; x_wconf 82' lang='lat' dir='ltr'><strong>quae</strong></span> <span class='ocrx_word' id='word_1_62' title='bbox 1282 775 1334 810; x_wconf 87' lang='lat' dir='ltr'><strong>ibi</strong></span> <span class='ocrx_word' id='word_1_63' title='bbox 1357 775 1563 817; x_wconf 80' lang='lat' dir='ltr'><strong>afferuntur,</strong></span> 
     </span>
     <span class='ocr_line' id='line_1_8' title="bbox 171 835 718 882; baseline -0.005 -9"><span class='ocrx_word' id='word_1_64' title='bbox 171 847 313 882; x_wconf 78' lang='lat' dir='ltr'><strong>prorsus</strong></span> <span class='ocrx_word' id='word_1_65' title='bbox 335 835 442 871; x_wconf 86' lang='lat' dir='ltr'><strong>alieni</strong></span> <span class='ocrx_word' id='word_1_66' title='bbox 464 839 545 871; x_wconf 86' lang='lat' dir='ltr'><strong>sunt</strong></span> <span class='ocrx_word' id='word_1_67' title='bbox 567 836 718 881; x_wconf 83' lang='lat' dir='ltr'><strong>generis.</strong></span> 
     </span>
    </p>

    <p class='ocr_par' dir='ltr' id='par_1_5' title="bbox 173 896 1585 2826">
     <span class='ocr_line' id='line_1_9' title="bbox 267 896 1565 942; baseline -0.003 -10"><span class='ocrx_word' id='word_1_68' title='bbox 267 899 301 940; x_wconf 78' lang='lat'><strong>§-</strong></span> <span class='ocrx_word' id='word_1_69' title='bbox 323 898 358 932; x_wconf 84' lang='lat'><strong>2.</strong></span> <span class='ocrx_word' id='word_1_70' title='bbox 403 899 551 942; x_wconf 75' lang='lat' dir='ltr'><strong>populus</strong></span> <span class='ocrx_word' id='word_1_71' title='bbox 575 903 609 932; x_wconf 85' lang='lat' dir='ltr'><strong>et</strong></span> <span class='ocrx_word' id='word_1_72' title='bbox 632 903 773 932; x_wconf 78' lang='lat' dir='ltr'><strong>senatus</strong></span> <span class='ocrx_word' id='word_1_73' title='bbox 794 897 989 941; x_wconf 72' lang='lat' dir='ltr'><strong>Romanus]</strong></span> <span class='ocrx_word' id='word_1_74' title='bbox 1013 896 1115 940; x_wconf 85' lang='lat' dir='ltr'><strong>Quod</strong></span> <span class='ocrx_word' id='word_1_75' title='bbox 1137 899 1260 931; x_wconf 78' lang='lat' dir='ltr'><strong>auctor</strong></span> <span class='ocrx_word' id='word_1_76' title='bbox 1282 906 1305 930; x_wconf 81' lang='lat' dir='ltr'><strong>a</strong></span> <span class='ocrx_word' id='word_1_77' title='bbox 1326 898 1466 939; x_wconf 86' lang='lat' dir='ltr'><strong>recepto</strong></span> <span class='ocrx_word' id='word_1_78' title='bbox 1489 905 1565 929; x_wconf 83' lang='lat' dir='ltr'><strong>ver-</strong></span> 
     </span>
     <span class='ocr_line' id='line_1_10' title="bbox 173 956 1566 1004; baseline -0.003 -11"><span class='ocrx_word' id='word_1_79' title='bbox 173 959 301 993; x_wconf 89' lang='lat' dir='ltr'><strong>borum</strong></span> <span class='ocrx_word' id='word_1_80' title='bbox 328 964 469 994; x_wconf 75' lang='lat' dir='ltr'><strong>senatus</strong></span> <span class='ocrx_word' id='word_1_81' title='bbox 488 960 704 1004; x_wconf 79' lang='lat' dir='ltr'><strong>populusque</strong></span> <span class='ocrx_word' id='word_1_82' title='bbox 727 959 829 992; x_wconf 84' lang='lat' dir='ltr'><strong>Rom.</strong></span> <span class='ocrx_word' id='word_1_83' title='bbox 853 957 974 992; x_wconf 79' lang='lat' dir='ltr'><strong>ordine</strong></span> <span class='ocrx_word' id='word_1_84' title='bbox 1004 957 1181 1000; x_wconf 78' lang='lat' dir='ltr'><strong>discessit,</strong></span> <span class='ocrx_word' id='word_1_85' title='bbox 1213 958 1289 992; x_wconf 84' lang='lat' dir='ltr'><strong>eius</strong></span> <span class='ocrx_word' id='word_1_86' title='bbox 1317 956 1371 991; x_wconf 87' lang='lat' dir='ltr'><strong>rei</strong></span> <span class='ocrx_word' id='word_1_87' title='bbox 1403 966 1566 990; x_wconf 70' lang='lat' dir='ltr'><strong>caussam</strong></span> 
     </span>
     <span class='ocr_line' id='line_1_11' title="bbox 173 1018 1567 1063; baseline -0.001 -9"><span class='ocrx_word' id='word_1_88' title='bbox 173 1019 292 1054; x_wconf 84' lang='lat' dir='ltr'><strong>Faber</strong></span> <span class='ocrx_word' id='word_1_89' title='bbox 313 1018 398 1053; x_wconf 87' lang='lat' dir='ltr'><strong>scite</strong></span> <span class='ocrx_word' id='word_1_90' title='bbox 422 1019 556 1053; x_wconf 83' lang='lat' dir='ltr'><strong>monuit</strong></span> <span class='ocrx_word' id='word_1_91' title='bbox 584 1031 658 1053; x_wconf 84' lang='lat' dir='ltr'><strong>esse</strong></span> <span class='ocrx_word' id='word_1_92' title='bbox 680 1020 785 1063; x_wconf 83' lang='lat' dir='ltr'><strong>hanc,</strong></span> <span class='ocrx_word' id='word_1_93' title='bbox 809 1018 902 1062; x_wconf 90' lang='lat' dir='ltr'><strong>quod</strong></span> <span class='ocrx_word' id='word_1_94' title='bbox 926 1018 1026 1060; x_wconf 87' lang='lat' dir='ltr'><strong>duas,</strong></span> <span class='ocrx_word' id='word_1_95' title='bbox 1050 1018 1178 1062; x_wconf 81' lang='lat' dir='ltr'><strong>quibus</strong></span> <span class='ocrx_word' id='word_1_96' title='bbox 1196 1018 1349 1063; x_wconf 77' lang='lat' dir='ltr'><strong>respubl.</strong></span> <span class='ocrx_word' id='word_1_97' title='bbox 1372 1018 1567 1060; x_wconf 67' lang='lat' dir='ltr'><strong>constabat,</strong></span> 
     </span>
     <span class='ocr_line' id='line_1_12' title="bbox 173 1077 1568 1125; baseline -0.001 -11"><span class='ocrx_word' id='word_1_98' title='bbox 173 1082 292 1125; x_wconf 79' lang='lat' dir='ltr'><strong>partes</strong></span> <span class='ocrx_word' id='word_1_99' title='bbox 314 1090 384 1113; x_wconf 90' lang='lat' dir='ltr'><strong>non</strong></span> <span class='ocrx_word' id='word_1_100' title='bbox 407 1079 444 1112; x_wconf 90' lang='lat' dir='ltr'><strong>in</strong></span> <span class='ocrx_word' id='word_1_101' title='bbox 469 1090 578 1113; x_wconf 89' lang='lat' dir='ltr'><strong>unum</strong></span> <span class='ocrx_word' id='word_1_102' title='bbox 602 1080 703 1124; x_wconf 84' lang='lat' dir='ltr'><strong>quasi</strong></span> <span class='ocrx_word' id='word_1_103' title='bbox 726 1079 870 1124; x_wconf 85' lang='lat' dir='ltr'><strong>imperii</strong></span> <span class='ocrx_word' id='word_1_104' title='bbox 892 1091 1018 1123; x_wconf 88' lang='lat' dir='ltr'><strong>corpus</strong></span> <span class='ocrx_word' id='word_1_105' title='bbox 1038 1079 1218 1123; x_wconf 72' lang='lat' dir='ltr'><strong>conflatas,</strong></span> <span class='ocrx_word' id='word_1_106' title='bbox 1242 1079 1302 1113; x_wconf 84' lang='lat' dir='ltr'><strong>sed</strong></span> <span class='ocrx_word' id='word_1_107' title='bbox 1325 1078 1415 1114; x_wconf 72' lang='lat' dir='ltr'><strong>inter</strong></span> <span class='ocrx_word' id='word_1_108' title='bbox 1435 1089 1474 1113; x_wconf 78' lang='lat' dir='ltr'><strong>se</strong></span> <span class='ocrx_word' id='word_1_109' title='bbox 1496 1077 1568 1113; x_wconf 75' lang='lat' dir='ltr'><strong>dis·</strong></span> 
     </span>
     <span class='ocr_line' id='line_1_13' title="bbox 174 1139 1571 1187; baseline -0.001 -11"><span class='ocrx_word' id='word_1_110' title='bbox 174 1143 357 1187; x_wconf 71' lang='lat' dir='ltr'><strong>cretaset</strong></span> <span class='ocrx_word' id='word_1_111' title='bbox 387 1141 534 1175; x_wconf 86' lang='lat' dir='ltr'><strong>seorsim</strong></span> <span class='ocrx_word' id='word_1_112' title='bbox 565 1141 718 1185; x_wconf 81' lang='lat' dir='ltr'><strong>spectari</strong></span> <span class='ocrx_word' id='word_1_113' title='bbox 749 1140 874 1176; x_wconf 83' lang='lat' dir='ltr'><strong>voluit.</strong></span> <span class='ocrx_word' id='word_1_114' title='bbox 921 1140 1006 1175; x_wconf 89' lang='lat' dir='ltr'><strong>Siue</strong></span> <span class='ocrx_word' id='word_1_115' title='bbox 1038 1139 1106 1174; x_wconf 84' lang='lat' dir='ltr'><strong>ista</strong></span> <span class='ocrx_word' id='word_1_116' title='bbox 1131 1150 1254 1174; x_wconf 78' lang='lat' dir='ltr'><strong>caussa</strong></span> <span class='ocrx_word' id='word_1_117' title='bbox 1277 1139 1398 1175; x_wconf 76' lang='lat' dir='ltr'><strong>Livius</strong></span> <span class='ocrx_word' id='word_1_118' title='bbox 1429 1150 1571 1184; x_wconf 68' lang='lat' dir='ltr'><strong>quoque</strong></span> 
     </span>
     <span class='ocr_line' id='line_1_14' title="bbox 173 1190 1570 1246; baseline -0.001 -10"><span class='ocrx_word' id='word_1_119' title='bbox 173 1190 269 1243; x_wconf 57' lang='lat' dir='ltr'><strong>vn,</strong></span> <span class='ocrx_word' id='word_1_120' title='bbox 289 1199 355 1242; x_wconf 84' lang='lat'><strong>31,</strong></span> <span class='ocrx_word' id='word_1_121' title='bbox 390 1200 450 1235; x_wconf 84' lang='lat'><strong>10.</strong></span> <span class='ocrx_word' id='word_1_122' title='bbox 481 1201 587 1236; x_wconf 75' lang='lat' dir='ltr'><strong>dixit:</strong></span> <span class='ocrx_word' id='word_1_123' title='bbox 639 1202 899 1236; x_wconf 56' lang='lat' dir='ltr'><strong>venundarent</strong></span> <span class='ocrx_word' id='word_1_124' title='bbox 932 1201 1147 1236; x_wconf 66' lang='lat' dir='ltr'><strong>Samnitibus</strong></span> <span class='ocrx_word' id='word_1_125' title='bbox 1178 1202 1343 1246; x_wconf 77' lang='lat' dir='ltr'><strong>populi</strong></span> <span class='ocrx_word' id='word_1_126' title='bbox 1375 1201 1570 1236; x_wconf 68' lang='lat' dir='ltr'><strong>Romana</strong></span> 
     </span>
     <span class='ocr_line' id='line_1_15' title="bbox 175 1260 1570 1306; baseline -0.001 -8"><span class='ocrx_word' id='word_1_127' title='bbox 175 1267 458 1306; x_wconf 70' lang='lat' dir='ltr'><strong>senatusque</strong></span> <span class='ocrx_word' id='word_1_128' title='bbox 489 1263 659 1298; x_wconf 74' lang='lat' dir='ltr'><strong>verbis.</strong></span> <span class='ocrx_word' id='word_1_129' title='bbox 693 1281 737 1287; x_wconf 93' lang='lat'><strong>—-</strong></span> <span class='ocrx_word' id='word_1_130' title='bbox 776 1262 921 1297; x_wconf 82' lang='lat' dir='ltr'><strong>Placide</strong></span> <span class='ocrx_word' id='word_1_131' title='bbox 944 1263 981 1297; x_wconf 88' lang='lat' dir='ltr'><strong>h.</strong></span> <span class='ocrx_word' id='word_1_132' title='bbox 1005 1261 1032 1298; x_wconf 89' lang='lat' dir='ltr'><strong>l.</strong></span> <span class='ocrx_word' id='word_1_133' title='bbox 1059 1264 1111 1295; x_wconf 87' lang='lat' dir='ltr'><strong>est</strong></span> <span class='ocrx_word' id='word_1_134' title='bbox 1142 1260 1217 1295; x_wconf 84' lang='lat' dir='ltr'><strong>sine</strong></span> <span class='ocrx_word' id='word_1_135' title='bbox 1246 1261 1359 1297; x_wconf 88' lang='lat' dir='ltr'><strong>turbis</strong></span> <span class='ocrx_word' id='word_1_136' title='bbox 1392 1262 1570 1298; x_wconf 82' lang='lat' dir='ltr'><strong>civilibus.</strong></span> 
     </span>
     <span class='ocr_line' id='line_1_16' title="bbox 175 1321 1572 1367; baseline 0 -8"><span class='ocrx_word' id='word_1_137' title='bbox 175 1323 335 1359; x_wconf 74' lang='lat' dir='ltr'><strong>Modesto</strong></span> <span class='ocrx_word' id='word_1_138' title='bbox 371 1322 516 1367; x_wconf 79' lang='lat' dir='ltr'><strong>proprie</strong></span> <span class='ocrx_word' id='word_1_139' title='bbox 550 1323 595 1357; x_wconf 89' lang='lat' dir='ltr'><strong>de</strong></span> <span class='ocrx_word' id='word_1_140' title='bbox 630 1322 737 1357; x_wconf 91' lang='lat' dir='ltr'><strong>modo</strong></span> <span class='ocrx_word' id='word_1_141' title='bbox 768 1323 940 1358; x_wconf 82' lang='lat' dir='ltr'><strong>servando</strong></span> <span class='ocrx_word' id='word_1_142' title='bbox 973 1321 1121 1364; x_wconf 73' lang='lat' dir='ltr'><strong>dicitur-3</strong></span> <span class='ocrx_word' id='word_1_143' title='bbox 1154 1321 1214 1356; x_wconf 86' lang='lat' dir='ltr'><strong>sed</strong></span> <span class='ocrx_word' id='word_1_144' title='bbox 1247 1322 1336 1358; x_wconf 84' lang='lat' dir='ltr'><strong>bene</strong></span> <span class='ocrx_word' id='word_1_145' title='bbox 1369 1323 1572 1359; x_wconf 76' lang='lat' dir='ltr'><strong>observavit</strong></span> 
     </span>
     <span class='ocr_line' id='line_1_17' title="bbox 175 1382 1569 1430; baseline -0.001 -10"><span class='ocrx_word' id='word_1_146' title='bbox 175 1382 406 1430; x_wconf 72' lang='lat' dir='ltr'><strong>Spaldingius</strong></span> <span class='ocrx_word' id='word_1_147' title='bbox 438 1383 484 1418; x_wconf 85' lang='lat' dir='ltr'><strong>ad</strong></span> <span class='ocrx_word' id='word_1_148' title='bbox 516 1382 686 1427; x_wconf 80' lang='lat' dir='ltr'><strong>Quinctil.</strong></span> <span class='ocrx_word' id='word_1_149' title='bbox 709 1383 750 1426; x_wconf 90' lang='lat'><strong>1,</strong></span> <span class='ocrx_word' id='word_1_150' title='bbox 773 1385 816 1426; x_wconf 88' lang='grc'><strong>2,</strong></span> <span class='ocrx_word' id='word_1_151' title='bbox 839 1385 876 1419; x_wconf 77' lang='lat'><strong>4.</strong></span> <span class='ocrx_word' id='word_1_152' title='bbox 908 1383 1015 1419; x_wconf 83' lang='lat' dir='ltr'><strong>latius</strong></span> <span class='ocrx_word' id='word_1_153' title='bbox 1046 1387 1179 1427; x_wconf 82' lang='lat' dir='ltr'><strong>patere.</strong></span> <span class='ocrx_word' id='word_1_154' title='bbox 1201 1383 1348 1418; x_wconf 72' lang='lat' dir='ltr'><strong>modesti</strong></span> <span class='ocrx_word' id='word_1_155' title='bbox 1377 1384 1569 1426; x_wconf 85' lang='lat' dir='ltr'><strong>notionem,</strong></span> 
     </span>
     <span class='ocr_line' id='line_1_18' title="bbox 177 1443 1570 1488; baseline -0.001 -7"><span class='ocrx_word' id='word_1_156' title='bbox 177 1444 392 1488; x_wconf 82' lang='lat' dir='ltr'><strong>omninoque</strong></span> <span class='ocrx_word' id='word_1_157' title='bbox 422 1443 624 1478; x_wconf 74' lang='lat' dir='ltr'><strong>universam</strong></span> <span class='ocrx_word' id='word_1_158' title='bbox 652 1443 762 1479; x_wconf 85' lang='lat' dir='ltr'><strong>animi</strong></span> <span class='ocrx_word' id='word_1_159' title='bbox 792 1445 985 1480; x_wconf 87' lang='lat' dir='ltr'><strong>bonitatem</strong></span> <span class='ocrx_word' id='word_1_160' title='bbox 1007 1455 1050 1480; x_wconf 81' lang='lat' dir='ltr'><strong>ac</strong></span> <span class='ocrx_word' id='word_1_161' title='bbox 1072 1443 1282 1488; x_wconf 75' lang='lat' dir='ltr'><strong>probitatem</strong></span> <span class='ocrx_word' id='word_1_162' title='bbox 1304 1445 1374 1479; x_wconf 83' lang='lat' dir='ltr'><strong>hoc</strong></span> <span class='ocrx_word' id='word_1_163' title='bbox 1396 1445 1570 1480; x_wconf 81' lang='lat' dir='ltr'><strong>vocabulo</strong></span> 
     </span>
     <span class='ocr_line' id='line_1_19' title="bbox 178 1503 1571 1550; baseline -0.001 -9"><span class='ocrx_word' id='word_1_164' title='bbox 178 1503 439 1550; x_wconf 84' lang='lat' dir='ltr'><strong>comprehendi.</strong></span> <span class='ocrx_word' id='word_1_165' title='bbox 483 1503 540 1539; x_wconf 76' lang='lat' dir='ltr'><strong>Ita</strong></span> <span class='ocrx_word' id='word_1_166' title='bbox 561 1503 729 1548; x_wconf 84' lang='lat' dir='ltr'><strong>Quinctil.</strong></span> <span class='ocrx_word' id='word_1_167' title='bbox 752 1504 820 1546; x_wconf 81' lang='lat' dir='ltr'><strong>lv,</strong></span> <span class='ocrx_word' id='word_1_168' title='bbox 843 1504 888 1544; x_wconf 83' lang='lat'><strong>2,</strong></span> <span class='ocrx_word' id='word_1_169' title='bbox 917 1503 1000 1540; x_wconf 83' lang='lat'><strong>1⁰0.</strong></span> <span class='ocrx_word' id='word_1_170' title='bbox 1032 1504 1228 1538; x_wconf 73' lang='lat' dir='ltr'><strong>Modestum</strong></span> <span class='ocrx_word' id='word_1_171' title='bbox 1251 1507 1405 1547; x_wconf 66' lang='lat' dir='ltr'><strong>sactum.</strong></span> <span class='ocrx_word' id='word_1_172' title='bbox 1437 1504 1511 1541; x_wconf 65' lang='lat' dir='ltr'><strong>cte.</strong></span> <span class='ocrx_word' id='word_1_173' title='bbox 1532 1504 1571 1540; x_wconf 88' lang='lat' dir='ltr'><strong>in</strong></span> 
     </span>
     <span class='ocr_line' id='line_1_20' title="bbox 178 1564 1571 1609; baseline -0.003 -6"><span class='ocrx_word' id='word_1_174' title='bbox 178 1567 280 1603; x_wconf 83' lang='lat' dir='ltr'><strong>Verr.</strong></span> <span class='ocrx_word' id='word_1_175' title='bbox 302 1566 334 1609; x_wconf 89' lang='lat'><strong>1,</strong></span> <span class='ocrx_word' id='word_1_176' title='bbox 357 1565 418 1608; x_wconf 74' lang='lat'><strong>47,</strong></span> <span class='ocrx_word' id='word_1_177' title='bbox 440 1564 522 1599; x_wconf 72' lang='lat'><strong>124.</strong></span> <span class='ocrx_word' id='word_1_178' title='bbox 548 1565 578 1598; x_wconf 86' lang='grc'><em>0</em></span> <span class='ocrx_word' id='word_1_179' title='bbox 591 1565 784 1600; x_wconf 80' lang='lat' dir='ltr'><strong>modestum</strong></span> <span class='ocrx_word' id='word_1_180' title='bbox 806 1565 975 1607; x_wconf 77' lang='lat' dir='ltr'><strong>ordinem,</strong></span> <span class='ocrx_word' id='word_1_181' title='bbox 998 1565 1090 1609; x_wconf 77' lang='lat' dir='ltr'><strong>quod</strong></span> <span class='ocrx_word' id='word_1_182' title='bbox 1111 1565 1208 1600; x_wconf 82' lang='lat' dir='ltr'><strong>illinc</strong></span> <span class='ocrx_word' id='word_1_183' title='bbox 1230 1565 1330 1600; x_wconf 78' lang='lat' dir='ltr'><strong>vivus</strong></span> <span class='ocrx_word' id='word_1_184' title='bbox 1351 1566 1508 1601; x_wconf 67' lang='lat' dir='ltr'><strong>surrexit.</strong></span> <span class='ocrx_word' id='word_1_185' title='bbox 1525 1584 1571 1609; x_wconf 48' lang='lat' dir='ltr'><strong>-r</strong></span> 
     </span>
     <span class='ocr_line' id='line_1_21' title="bbox 181 1625 1575 1671; baseline -0.002 -8"><span class='ocrx_word' id='word_1_186' title='bbox 181 1628 279 1664; x_wconf 80' lang='lat' dir='ltr'><strong>Inter</strong></span> <span class='ocrx_word' id='word_1_187' title='bbox 301 1638 339 1662; x_wconf 75' lang='lat' dir='ltr'><strong>se</strong></span> <span class='ocrx_word' id='word_1_188' title='bbox 362 1625 645 1661; x_wconf 84' lang='lat' dir='ltr'><strong>communionem</strong></span> <span class='ocrx_word' id='word_1_189' title='bbox 669 1625 809 1670; x_wconf 82' lang='lat' dir='ltr'><strong>imperii</strong></span> <span class='ocrx_word' id='word_1_190' title='bbox 831 1625 1027 1670; x_wconf 80' lang='lat' dir='ltr'><strong>significat,</strong></span> <span class='ocrx_word' id='word_1_191' title='bbox 1050 1625 1102 1661; x_wconf 87' lang='lat' dir='ltr'><strong>ita</strong></span> <span class='ocrx_word' id='word_1_192' title='bbox 1123 1630 1164 1661; x_wconf 89' lang='lat' dir='ltr'><strong>nt</strong></span> <span class='ocrx_word' id='word_1_193' title='bbox 1185 1630 1222 1662; x_wconf 88' lang='lat' dir='ltr'><strong>et</strong></span> <span class='ocrx_word' id='word_1_194' title='bbox 1243 1626 1394 1671; x_wconf 83' lang='lat' dir='ltr'><strong>populus</strong></span> <span class='ocrx_word' id='word_1_195' title='bbox 1415 1628 1452 1661; x_wconf 86' lang='lat' dir='ltr'><strong>et</strong></span> <span class='ocrx_word' id='word_1_196' title='bbox 1473 1635 1575 1661; x_wconf 69' lang='lat' dir='ltr'><strong>sena—</strong></span> 
     </span>
     <span class='ocr_line' id='line_1_22' title="bbox 179 1675 1575 1732; baseline -0.003 -8"><span class='ocrx_word' id='word_1_197' title='bbox 179 1692 237 1724; x_wconf 79' lang='lat' dir='ltr'><strong>tus</strong></span> <span class='ocrx_word' id='word_1_198' title='bbox 257 1687 512 1732; x_wconf 74' lang='lat' dir='ltr'><strong>rempublicam</strong></span> <span class='ocrx_word' id='word_1_199' title='bbox 545 1675 774 1731; x_wconf 83' lang='lat' dir='ltr'><strong>capesserent.</strong></span> <span class='ocrx_word' id='word_1_200' title='bbox 822 1687 1039 1722; x_wconf 77' lang='lat' dir='ltr'><strong>Tractabant</strong></span> <span class='ocrx_word' id='word_1_201' title='bbox 1069 1687 1094 1724; x_wconf 90' lang='lat' dir='ltr'><strong>i.</strong></span> <span class='ocrx_word' id='word_1_202' title='bbox 1128 1699 1160 1722; x_wconf 90' lang='lat' dir='ltr'><strong>e.</strong></span> <span class='ocrx_word' id='word_1_203' title='bbox 1193 1686 1504 1729; x_wconf 83' lang='lat' dir='ltr'><strong>administrabant,</strong></span> <span class='ocrx_word' id='word_1_204' title='bbox 1535 1689 1575 1721; x_wconf 87' lang='lat' dir='ltr'><strong>nt</strong></span> 
     </span>
     <span class='ocr_line' id='line_1_23' title="bbox 181 1747 1574 1801; baseline -0.002 -17"><span class='ocrx_word' id='word_1_205' title='bbox 181 1750 258 1784; x_wconf 87' lang='lat' dir='ltr'><strong>Cat.</strong></span> <span class='ocrx_word' id='word_1_206' title='bbox 283 1749 351 1792; x_wconf 75' lang='lat' dir='ltr'><strong>Li,</strong></span> <span class='ocrx_word' id='word_1_207' title='bbox 376 1747 435 1782; x_wconf 88' lang='grc'><strong>28.</strong></span> <span class='ocrx_word' id='word_1_208' title='bbox 461 1747 582 1782; x_wconf 82' lang='lat' dir='ltr'><strong>lustin.</strong></span> <span class='ocrx_word' id='word_1_209' title='bbox 606 1748 636 1790; x_wconf 89' lang='lat'><strong>1,</strong></span> <span class='ocrx_word' id='word_1_210' title='bbox 659 1748 694 1783; x_wconf 88' lang='lat'><strong>2.</strong></span> <span class='ocrx_word' id='word_1_211' title='bbox 722 1747 880 1801; x_wconf 70' lang='lat' dir='ltr'><strong>Glorjam</strong></span> <span class='ocrx_word' id='word_1_212' title='bbox 901 1748 940 1781; x_wconf 89' lang='lat' dir='ltr'><strong>h.</strong></span> <span class='ocrx_word' id='word_1_213' title='bbox 964 1747 988 1781; x_wconf 93' lang='grc' dir='ltr'><strong>Ι.</strong></span> <span class='ocrx_word' id='word_1_214' title='bbox 1012 1759 1082 1782; x_wconf 89' lang='lat' dir='ltr'><strong>non</strong></span> <span class='ocrx_word' id='word_1_215' title='bbox 1105 1748 1256 1794; x_wconf 82' lang='lat' dir='ltr'><strong>intelligi</strong></span> <span class='ocrx_word' id='word_1_216' title='bbox 1280 1759 1372 1789; x_wconf 76' lang='lat' dir='ltr'><strong>eam,</strong></span> <span class='ocrx_word' id='word_1_217' title='bbox 1396 1758 1488 1791; x_wconf 85' lang='lat' dir='ltr'><strong>quae</strong></span> <span class='ocrx_word' id='word_1_218' title='bbox 1510 1757 1574 1791; x_wconf 82' lang='lat' dir='ltr'><strong>pa·-</strong></span> 
     </span>
     <span class='ocr_line' id='line_1_24' title="bbox 180 1808 1576 1856; baseline -0.003 -10"><span class='ocrx_word' id='word_1_219' title='bbox 180 1813 282 1846; x_wconf 78' lang='lat' dir='ltr'><strong>ratur</strong></span> <span class='ocrx_word' id='word_1_220' title='bbox 305 1820 348 1843; x_wconf 84' lang='lat' dir='ltr'><strong>ex</strong></span> <span class='ocrx_word' id='word_1_221' title='bbox 370 1808 473 1844; x_wconf 79' lang='lat' dir='ltr'><strong>victis</strong></span> <span class='ocrx_word' id='word_1_222' title='bbox 495 1809 654 1844; x_wconf 77' lang='lat' dir='ltr'><strong>hostibus</strong></span> <span class='ocrx_word' id='word_1_223' title='bbox 677 1812 712 1844; x_wconf 89' lang='lat' dir='ltr'><strong>et</strong></span> <span class='ocrx_word' id='word_1_224' title='bbox 734 1809 876 1850; x_wconf 78' lang='lat' dir='ltr'><strong>virtute,</strong></span> <span class='ocrx_word' id='word_1_225' title='bbox 896 1812 935 1843; x_wconf 87' lang='lat' dir='ltr'><strong>ut</strong></span> <span class='ocrx_word' id='word_1_226' title='bbox 957 1808 1035 1843; x_wconf 87' lang='lat' dir='ltr'><strong>Cat.</strong></span> <span class='ocrx_word' id='word_1_227' title='bbox 1061 1809 1137 1851; x_wconf 82' lang='lat' dir='ltr'><strong>Vll,</strong></span> <span class='ocrx_word' id='word_1_228' title='bbox 1160 1809 1208 1850; x_wconf 80' lang='grc'><strong>6.,</strong></span> <span class='ocrx_word' id='word_1_229' title='bbox 1234 1809 1301 1856; x_wconf 26' lang='grc' dir='ltr'><strong>πᾶ,</strong></span> <span class='ocrx_word' id='word_1_230' title='bbox 1318 1820 1409 1852; x_wconf 84' lang='lat' dir='ltr'><strong>quae</strong></span> <span class='ocrx_word' id='word_1_231' title='bbox 1433 1818 1576 1852; x_wconf 82' lang='lat' dir='ltr'><strong>oppres-</strong></span> 
     </span>
     <span class='ocr_line' id='line_1_25' title="bbox 182 1862 1571 1914; baseline -0.001 -10"><span class='ocrx_word' id='word_1_232' title='bbox 182 1872 230 1908; x_wconf 77' lang='lat' dir='ltr'><strong>sis</strong></span> <span class='ocrx_word' id='word_1_233' title='bbox 253 1870 392 1904; x_wconf 85' lang='lat' dir='ltr'><strong>civibus</strong></span> <span class='ocrx_word' id='word_1_234' title='bbox 422 1870 621 1914; x_wconf 87' lang='lat' dir='ltr'><strong>quaeritur,</strong></span> <span class='ocrx_word' id='word_1_235' title='bbox 653 1870 804 1905; x_wconf 82' lang='lat' dir='ltr'><strong>ostendit</strong></span> <span class='ocrx_word' id='word_1_236' title='bbox 829 1868 988 1904; x_wconf 87' lang='lat' dir='ltr'><strong>additum</strong></span> <span class='ocrx_word' id='word_1_237' title='bbox 1009 1869 1222 1903; x_wconf 84' lang='lat' dir='ltr'><strong>vocabulum</strong></span> <span class='ocrx_word' id='word_1_238' title='bbox 1248 1862 1505 1904; x_wconf 71' lang='lat' dir='ltr'><strong>dominationis.</strong></span> <span class='ocrx_word' id='word_1_239' title='bbox 1534 1887 1571 1895; x_wconf 89' lang='lat'>-</span> 
     </span>
     <span class='ocr_line' id='line_1_26' title="bbox 183 1929 1575 1976; baseline -0.004 -8"><span class='ocrx_word' id='word_1_240' title='bbox 183 1933 301 1968; x_wconf 77' lang='lat' dir='ltr'><strong>Metus</strong></span> <span class='ocrx_word' id='word_1_241' title='bbox 332 1932 523 1966; x_wconf 73' lang='lat' dir='ltr'><strong>hostilis</strong></span> <span class='ocrx_word' id='word_1_242' title='bbox 554 1931 614 1966; x_wconf 86' lang='lat' dir='ltr'><strong>bic</strong></span> <span class='ocrx_word' id='word_1_243' title='bbox 645 1935 680 1966; x_wconf 86' lang='lat' dir='ltr'><strong>et</strong></span> <span class='ocrx_word' id='word_1_244' title='bbox 700 1932 778 1976; x_wconf 84' lang='lat' dir='ltr'><strong>lug.</strong></span> <span class='ocrx_word' id='word_1_245' title='bbox 802 1930 880 1972; x_wconf 85' lang='lat' dir='ltr'><strong>CV,</strong></span> <span class='ocrx_word' id='word_1_246' title='bbox 903 1929 938 1964; x_wconf 81' lang='lat'><strong>3.</strong></span> <span class='ocrx_word' id='word_1_247' title='bbox 970 1929 1022 1964; x_wconf 86' lang='lat' dir='ltr'><strong>ita</strong></span> <span class='ocrx_word' id='word_1_248' title='bbox 1045 1929 1176 1965; x_wconf 86' lang='lat' dir='ltr'><strong>dictum</strong></span> <span class='ocrx_word' id='word_1_249' title='bbox 1197 1933 1250 1965; x_wconf 79' lang='lat' dir='ltr'><strong>est</strong></span> <span class='ocrx_word' id='word_1_250' title='bbox 1271 1934 1311 1964; x_wconf 92' lang='lat' dir='ltr'><strong>ut</strong></span> <span class='ocrx_word' id='word_1_251' title='bbox 1334 1930 1370 1964; x_wconf 89' lang='lat' dir='ltr'><strong>in</strong></span> <span class='ocrx_word' id='word_1_252' title='bbox 1393 1930 1575 1974; x_wconf 78' lang='lat' dir='ltr'><strong>Fragmm.</strong></span> 
     </span>
     <span class='ocr_line' id='line_1_27' title="bbox 184 1989 1578 2035; baseline -0.005 -5"><span class='ocrx_word' id='word_1_253' title='bbox 184 1994 339 2030; x_wconf 84' lang='lat' dir='ltr'><strong>Historr.</strong></span> <span class='ocrx_word' id='word_1_254' title='bbox 363 1994 393 2034; x_wconf 85' lang='grc' dir='ltr'><strong>Ι,</strong></span> <span class='ocrx_word' id='word_1_255' title='bbox 415 1991 458 2035; x_wconf 85' lang='grc'><strong>9,</strong></span> <span class='ocrx_word' id='word_1_256' title='bbox 481 1993 530 2030; x_wconf 91' lang='lat' dir='ltr'><strong>in.</strong></span> <span class='ocrx_word' id='word_1_257' title='bbox 552 1994 699 2028; x_wconf 80' lang='lat' dir='ltr'><strong>Remoto</strong></span> <span class='ocrx_word' id='word_1_258' title='bbox 722 1996 817 2027; x_wconf 82' lang='lat' dir='ltr'><strong>metu</strong></span> <span class='ocrx_word' id='word_1_259' title='bbox 840 1990 1024 2025; x_wconf 78' lang='lat' dir='ltr'><strong>Punico.</strong></span> <span class='ocrx_word' id='word_1_260' title='bbox 1048 1991 1165 2026; x_wconf 73' lang='lat' dir='ltr'><strong>Cour.</strong></span> <span class='ocrx_word' id='word_1_261' title='bbox 1192 1991 1274 2026; x_wconf 80' lang='lat' dir='ltr'><strong>Alia</strong></span> <span class='ocrx_word' id='word_1_262' title='bbox 1295 1989 1449 2034; x_wconf 84' lang='lat' dir='ltr'><strong>plurima</strong></span> <span class='ocrx_word' id='word_1_263' title='bbox 1470 1989 1578 2024; x_wconf 82' lang='lat' dir='ltr'><strong>huius</strong></span> 
     </span>
     <span class='ocr_line' id='line_1_28' title="bbox 185 2048 1577 2102; baseline -0.004 -13"><span class='ocrx_word' id='word_1_264' title='bbox 185 2053 326 2102; x_wconf 84' lang='lat' dir='ltr'><strong>generis</strong></span> <span class='ocrx_word' id='word_1_265' title='bbox 349 2053 616 2098; x_wconf 80' lang='lat' dir='ltr'><strong>diligentissime</strong></span> <span class='ocrx_word' id='word_1_266' title='bbox 637 2065 679 2088; x_wconf 87' lang='lat' dir='ltr'><strong>ex</strong></span> <span class='ocrx_word' id='word_1_267' title='bbox 703 2053 831 2088; x_wconf 80' lang='lat' dir='ltr'><strong>Tacito</strong></span> <span class='ocrx_word' id='word_1_268' title='bbox 854 2051 1001 2097; x_wconf 83' lang='lat' dir='ltr'><strong>collegit</strong></span> <span class='ocrx_word' id='word_1_269' title='bbox 1022 2052 1266 2087; x_wconf 82' lang='lat' dir='ltr'><strong>Boetticherus</strong></span> <span class='ocrx_word' id='word_1_270' title='bbox 1287 2052 1323 2086; x_wconf 85' lang='lat' dir='ltr'><strong>in</strong></span> <span class='ocrx_word' id='word_1_271' title='bbox 1347 2050 1431 2085; x_wconf 74' lang='lat' dir='ltr'><strong>Lex.</strong></span> <span class='ocrx_word' id='word_1_272' title='bbox 1457 2048 1577 2084; x_wconf 80' lang='lat' dir='ltr'><strong>Tacit.</strong></span> 
     </span>
     <span class='ocr_line' id='line_1_29' title="bbox 186 2109 1580 2161; baseline -0.004 -11"><span class='ocrx_word' id='word_1_273' title='bbox 186 2127 223 2161; x_wconf 80' lang='lat' dir='ltr'><strong>p.</strong></span> <span class='ocrx_word' id='word_1_274' title='bbox 246 2114 305 2149; x_wconf 79' lang='grc'><strong>36.</strong></span> <span class='ocrx_word' id='word_1_275' title='bbox 329 2127 364 2150; x_wconf 93' lang='lat' dir='ltr'><strong>n.</strong></span> <span class='ocrx_word' id='word_1_276' title='bbox 388 2114 423 2149; x_wconf 84' lang='lat'><strong>3.</strong></span> <span class='ocrx_word' id='word_1_277' title='bbox 447 2134 495 2140; x_wconf 88' lang='lat'><em>-</em></span> <span class='ocrx_word' id='word_1_278' title='bbox 516 2115 703 2150; x_wconf 84' lang='lat' dir='ltr'><strong>Sublatum</strong></span> <span class='ocrx_word' id='word_1_279' title='bbox 726 2112 1072 2158; x_wconf 74' lang='lat' dir='ltr'><strong>Carthaginiensium</strong></span> <span class='ocrx_word' id='word_1_280' title='bbox 1094 2116 1229 2159; x_wconf 87' lang='lat' dir='ltr'><strong>metum</strong></span> <span class='ocrx_word' id='word_1_281' title='bbox 1252 2111 1404 2146; x_wconf 91' lang='lat' dir='ltr'><strong>multum</strong></span> <span class='ocrx_word' id='word_1_282' title='bbox 1426 2109 1580 2146; x_wconf 78' lang='lat' dir='ltr'><strong>valuisse</strong></span> 
     </span>
     <span class='ocr_line' id='line_1_30' title="bbox 187 2171 1580 2218; baseline -0.005 -6"><span class='ocrx_word' id='word_1_283' title='bbox 187 2177 234 2213; x_wconf 88' lang='lat' dir='ltr'><strong>ad</strong></span> <span class='ocrx_word' id='word_1_284' title='bbox 257 2175 483 2211; x_wconf 87' lang='lat' dir='ltr'><strong>concordiam</strong></span> <span class='ocrx_word' id='word_1_285' title='bbox 504 2176 759 2211; x_wconf 78' lang='lat' dir='ltr'><strong>dissolvendum</strong></span> <span class='ocrx_word' id='word_1_286' title='bbox 782 2178 817 2208; x_wconf 87' lang='lat' dir='ltr'><strong>et</strong></span> <span class='ocrx_word' id='word_1_287' title='bbox 838 2175 946 2208; x_wconf 90' lang='lat' dir='ltr'><strong>bonos</strong></span> <span class='ocrx_word' id='word_1_288' title='bbox 969 2184 1085 2207; x_wconf 88' lang='lat' dir='ltr'><strong>mores</strong></span> <span class='ocrx_word' id='word_1_289' title='bbox 1108 2173 1378 2218; x_wconf 83' lang='lat' dir='ltr'><strong>corrumpendos</strong></span> <span class='ocrx_word' id='word_1_290' title='bbox 1391 2171 1580 2207; x_wconf 73' lang='lat' dir='ltr'><strong>Sallustius</strong></span> 
     </span>
     <span class='ocr_line' id='line_1_31' title="bbox 189 2232 1579 2283; baseline -0.004 -10"><span class='ocrx_word' id='word_1_291' title='bbox 189 2237 298 2273; x_wconf 84' lang='lat' dir='ltr'><strong>etiam</strong></span> <span class='ocrx_word' id='word_1_292' title='bbox 320 2236 428 2272; x_wconf 86' lang='lat' dir='ltr'><strong>tradit</strong></span> <span class='ocrx_word' id='word_1_293' title='bbox 450 2236 488 2271; x_wconf 89' lang='lat' dir='ltr'><strong>in</strong></span> <span class='ocrx_word' id='word_1_294' title='bbox 513 2238 697 2283; x_wconf 84' lang='lat' dir='ltr'><strong>Fragmm.</strong></span> <span class='ocrx_word' id='word_1_295' title='bbox 721 2236 876 2270; x_wconf 87' lang='lat' dir='ltr'><strong>Historr.</strong></span> <span class='ocrx_word' id='word_1_296' title='bbox 900 2235 940 2277; x_wconf 91' lang='lat'><strong>1,</strong></span> <span class='ocrx_word' id='word_1_297' title='bbox 963 2234 987 2268; x_wconf 84' lang='grc'>8</span> <span class='ocrx_word' id='word_1_298' title='bbox 1011 2237 1047 2268; x_wconf 92' lang='lat' dir='ltr'><strong>et</strong></span> <span class='ocrx_word' id='word_1_299' title='bbox 1067 2232 1102 2267; x_wconf 83' lang='grc'><strong>9.</strong></span> <span class='ocrx_word' id='word_1_300' title='bbox 1134 2234 1231 2268; x_wconf 80' lang='lat' dir='ltr'><strong>idem</strong></span> <span class='ocrx_word' id='word_1_301' title='bbox 1252 2238 1429 2276; x_wconf 81' lang='lat' dir='ltr'><strong>statuunt,</strong></span> <span class='ocrx_word' id='word_1_302' title='bbox 1459 2233 1579 2268; x_wconf 85' lang='lat' dir='ltr'><strong>Sallu-</strong></span> 
     </span>
     <span class='ocr_line' id='line_1_32' title="bbox 190 2293 1579 2341; baseline -0.005 -6"><span class='ocrx_word' id='word_1_303' title='bbox 190 2298 298 2335; x_wconf 77' lang='lat' dir='ltr'><strong>stium</strong></span> <span class='ocrx_word' id='word_1_304' title='bbox 319 2298 470 2332; x_wconf 77' lang='lat' dir='ltr'><strong>fortasse</strong></span> <span class='ocrx_word' id='word_1_305' title='bbox 491 2299 623 2341; x_wconf 85' lang='lat' dir='ltr'><strong>secuti,</strong></span> <span class='ocrx_word' id='word_1_306' title='bbox 655 2297 778 2332; x_wconf 81' lang='lat' dir='ltr'><strong>venei.</strong></span> <span class='ocrx_word' id='word_1_307' title='bbox 802 2297 854 2339; x_wconf 90' lang='lat'><strong>11,</strong></span> <span class='ocrx_word' id='word_1_308' title='bbox 877 2296 919 2338; x_wconf 89' lang='lat'><strong>1,</strong></span> <span class='ocrx_word' id='word_1_309' title='bbox 945 2295 979 2330; x_wconf 92' lang='lat'><strong>1.</strong></span> <span class='ocrx_word' id='word_1_310' title='bbox 1012 2298 1046 2329; x_wconf 91' lang='lat' dir='ltr'><strong>et</strong></span> <span class='ocrx_word' id='word_1_311' title='bbox 1064 2295 1163 2331; x_wconf 88' lang='lat' dir='ltr'><strong>Flor.</strong></span> <span class='ocrx_word' id='word_1_312' title='bbox 1187 2295 1256 2337; x_wconf 85' lang='lat'><strong>111,</strong></span> <span class='ocrx_word' id='word_1_313' title='bbox 1281 2294 1348 2335; x_wconf 80' lang='lat'><strong>12,</strong></span> <span class='ocrx_word' id='word_1_314' title='bbox 1371 2293 1404 2327; x_wconf 89' lang='grc'><strong>2.</strong></span> <span class='ocrx_word' id='word_1_315' title='bbox 1431 2312 1475 2319; x_wconf 93' lang='grc'>-</span> <span class='ocrx_word' id='word_1_316' title='bbox 1507 2293 1579 2328; x_wconf 83' lang='lat' dir='ltr'><strong>Pro</strong></span> 
     </span>
     <span class='ocr_line' id='line_1_33' title="bbox 190 2353 1579 2399; baseline -0.004 -6"><span class='ocrx_word' id='word_1_317' title='bbox 190 2359 365 2394; x_wconf 78' lang='lat' dir='ltr'><strong>retinebat</strong></span> <span class='ocrx_word' id='word_1_318' title='bbox 381 2357 510 2392; x_wconf 84' lang='lat' dir='ltr'><strong>Rivius</strong></span> <span class='ocrx_word' id='word_1_319' title='bbox 526 2357 562 2391; x_wconf 88' lang='lat' dir='ltr'><strong>in</strong></span> <span class='ocrx_word' id='word_1_320' title='bbox 581 2356 757 2391; x_wconf 79' lang='lat' dir='ltr'><strong>nonnullis</strong></span> <span class='ocrx_word' id='word_1_321' title='bbox 779 2356 882 2391; x_wconf 88' lang='lat' dir='ltr'><strong>libris</strong></span> <span class='ocrx_word' id='word_1_322' title='bbox 904 2355 1072 2399; x_wconf 85' lang='lat' dir='ltr'><strong>scriptum</strong></span> <span class='ocrx_word' id='word_1_323' title='bbox 1096 2366 1171 2389; x_wconf 80' lang='lat' dir='ltr'><strong>esse</strong></span> <span class='ocrx_word' id='word_1_324' title='bbox 1193 2355 1350 2389; x_wconf 77' lang='lat' dir='ltr'><strong>affirmat</strong></span> <span class='ocrx_word' id='word_1_325' title='bbox 1372 2353 1579 2393; x_wconf 77' lang='lat' dir='ltr'><strong>continebat,</strong></span> 
     </span>
     <span class='ocr_line' id='line_1_34' title="bbox 192 2413 1580 2466; baseline -0.005 -11"><span class='ocrx_word' id='word_1_326' title='bbox 192 2420 286 2466; x_wconf 86' lang='lat' dir='ltr'><strong>quod</strong></span> <span class='ocrx_word' id='word_1_327' title='bbox 310 2419 458 2453; x_wconf 83' lang='lat' dir='ltr'><strong>verbum</strong></span> <span class='ocrx_word' id='word_1_328' title='bbox 482 2418 619 2453; x_wconf 83' lang='lat' dir='ltr'><strong>Curtius</strong></span> <span class='ocrx_word' id='word_1_329' title='bbox 641 2422 736 2452; x_wconf 88' lang='lat' dir='ltr'><strong>recte</strong></span> <span class='ocrx_word' id='word_1_330' title='bbox 758 2417 893 2452; x_wconf 82' lang='lat' dir='ltr'><strong>iudicat</strong></span> <span class='ocrx_word' id='word_1_331' title='bbox 912 2415 1054 2461; x_wconf 81' lang='lat' dir='ltr'><strong>proprie</strong></span> <span class='ocrx_word' id='word_1_332' title='bbox 1073 2416 1277 2460; x_wconf 76' lang='lat' dir='ltr'><strong>disciplinae</strong></span> <span class='ocrx_word' id='word_1_333' title='bbox 1299 2426 1384 2458; x_wconf 85' lang='lat' dir='ltr'><strong>esse,</strong></span> <span class='ocrx_word' id='word_1_334' title='bbox 1408 2425 1479 2458; x_wconf 83' lang='lat' dir='ltr'><strong>qua</strong></span> <span class='ocrx_word' id='word_1_335' title='bbox 1501 2413 1580 2458; x_wconf 82' lang='lat' dir='ltr'><strong>quis</strong></span> 
     </span>
     <span class='ocr_line' id='line_1_35' title="bbox 194 2475 1580 2526; baseline -0.006 -9"><span class='ocrx_word' id='word_1_336' title='bbox 194 2479 423 2526; x_wconf 73' lang='lat' dir='ltr'><strong>astringitur3</strong></span> <span class='ocrx_word' id='word_1_337' title='bbox 463 2479 511 2513; x_wconf 77' lang='lat' dir='ltr'><strong>cf.</strong></span> <span class='ocrx_word' id='word_1_338' title='bbox 537 2480 696 2513; x_wconf 79' lang='lat' dir='ltr'><strong>Gronov·</strong></span> <span class='ocrx_word' id='word_1_339' title='bbox 721 2482 756 2513; x_wconf 90' lang='lat' dir='ltr'><strong>et</strong></span> <span class='ocrx_word' id='word_1_340' title='bbox 777 2479 973 2517; x_wconf 75' lang='lat' dir='ltr'><strong>Burmann.</strong></span> <span class='ocrx_word' id='word_1_341' title='bbox 1002 2477 1047 2510; x_wconf 85' lang='lat' dir='ltr'><strong>ad</strong></span> <span class='ocrx_word' id='word_1_342' title='bbox 1068 2475 1219 2510; x_wconf 78' lang='lat' dir='ltr'><strong>Phaedr.</strong></span> <span class='ocrx_word' id='word_1_343' title='bbox 1243 2476 1356 2510; x_wconf 86' lang='lat' dir='ltr'><strong>Fabb.</strong></span> <span class='ocrx_word' id='word_1_344' title='bbox 1388 2475 1483 2509; x_wconf 80' lang='lat' dir='ltr'><strong>Prol-</strong></span> <span class='ocrx_word' id='word_1_345' title='bbox 1517 2475 1580 2509; x_wconf 86' lang='lat' dir='ltr'><strong>lib.</strong></span> 
     </span>
     <span class='ocr_line' id='line_1_36' title="bbox 196 2534 1583 2586; baseline -0.007 -7"><span class='ocrx_word' id='word_1_346' title='bbox 196 2543 241 2586; x_wconf 87' lang='lat'><strong>11,</strong></span> <span class='ocrx_word' id='word_1_347' title='bbox 264 2542 299 2585; x_wconf 74' lang='lat'><strong>4,</strong></span> <span class='ocrx_word' id='word_1_348' title='bbox 324 2541 358 2576; x_wconf 90' lang='lat'><strong>1.</strong></span> <span class='ocrx_word' id='word_1_349' title='bbox 383 2543 419 2575; x_wconf 87' lang='lat' dir='ltr'><strong>et</strong></span> <span class='ocrx_word' id='word_1_350' title='bbox 440 2539 706 2574; x_wconf 86' lang='lat' dir='ltr'><strong>Drakenborch.</strong></span> <span class='ocrx_word' id='word_1_351' title='bbox 729 2539 774 2574; x_wconf 85' lang='lat' dir='ltr'><strong>ad</strong></span> <span class='ocrx_word' id='word_1_352' title='bbox 797 2538 875 2573; x_wconf 81' lang='lat' dir='ltr'><strong>Liv.</strong></span> <span class='ocrx_word' id='word_1_353' title='bbox 900 2538 1062 2578; x_wconf 84' lang='lat' dir='ltr'><strong>XXXIX,</strong></span> <span class='ocrx_word' id='word_1_354' title='bbox 1086 2536 1144 2576; x_wconf 81' lang='lat'><strong>28,</strong></span> <span class='ocrx_word' id='word_1_355' title='bbox 1166 2536 1201 2570; x_wconf 82' lang='lat'><strong>2.</strong></span> <span class='ocrx_word' id='word_1_356' title='bbox 1227 2536 1450 2579; x_wconf 83' lang='lat' dir='ltr'><strong>Quamquam</strong></span> <span class='ocrx_word' id='word_1_357' title='bbox 1473 2534 1583 2580; x_wconf 82' lang='lat' dir='ltr'><strong>igitur</strong></span> 
     </span>
     <span class='ocr_line' id='line_1_37' title="bbox 197 2595 1582 2639; baseline -0.005 -2"><span class='ocrx_word' id='word_1_358' title='bbox 197 2602 455 2638; x_wconf 84' lang='lat' dir='ltr'><strong>concedendum</strong></span> <span class='ocrx_word' id='word_1_359' title='bbox 478 2602 530 2633; x_wconf 80' lang='lat' dir='ltr'><strong>est</strong></span> <span class='ocrx_word' id='word_1_360' title='bbox 552 2600 725 2634; x_wconf 80' lang='lat' dir='ltr'><strong>continere</strong></span> <span class='ocrx_word' id='word_1_361' title='bbox 747 2600 832 2634; x_wconf 88' lang='lat' dir='ltr'><strong>huic</strong></span> <span class='ocrx_word' id='word_1_362' title='bbox 853 2599 931 2632; x_wconf 91' lang='lat' dir='ltr'><strong>loco</strong></span> <span class='ocrx_word' id='word_1_363' title='bbox 954 2599 1041 2632; x_wconf 85' lang='lat' dir='ltr'><strong>bene</strong></span> <span class='ocrx_word' id='word_1_364' title='bbox 1064 2595 1272 2639; x_wconf 74' lang='lat' dir='ltr'><strong>convenire,</strong></span> <span class='ocrx_word' id='word_1_365' title='bbox 1294 2600 1414 2630; x_wconf 86' lang='lat' dir='ltr'><strong>tamen</strong></span> <span class='ocrx_word' id='word_1_366' title='bbox 1440 2597 1582 2639; x_wconf 85' lang='lat' dir='ltr'><strong>probari</strong></span> 
     </span>
     <span class='ocr_line' id='line_1_38' title="bbox 199 2657 1585 2703; baseline -0.004 -5"><span class='ocrx_word' id='word_1_367' title='bbox 199 2664 303 2698; x_wconf 82' lang='lat' dir='ltr'><strong>debet</strong></span> <span class='ocrx_word' id='word_1_368' title='bbox 319 2661 429 2697; x_wconf 88' lang='lat' dir='ltr'><strong>Cortii</strong></span> <span class='ocrx_word' id='word_1_369' title='bbox 451 2659 632 2703; x_wconf 88' lang='lat' dir='ltr'><strong>iudicium,</strong></span> <span class='ocrx_word' id='word_1_370' title='bbox 656 2659 718 2703; x_wconf 87' lang='lat' dir='ltr'><strong>qni</strong></span> <span class='ocrx_word' id='word_1_371' title='bbox 739 2660 910 2695; x_wconf 78' lang='lat' dir='ltr'><strong>retinebat</strong></span> <span class='ocrx_word' id='word_1_372' title='bbox 933 2659 1093 2698; x_wconf 83' lang='lat' dir='ltr'><strong>verbum,</strong></span> <span class='ocrx_word' id='word_1_373' title='bbox 1120 2657 1298 2691; x_wconf 86' lang='lat' dir='ltr'><strong>codicibus</strong></span> <span class='ocrx_word' id='word_1_374' title='bbox 1321 2658 1512 2701; x_wconf 81' lang='lat' dir='ltr'><strong>firmatum,</strong></span> <span class='ocrx_word' id='word_1_375' title='bbox 1534 2658 1585 2692; x_wconf 87' lang='lat' dir='ltr'><strong>ita</strong></span> 
     </span>
     <span class='ocr_line' id='line_1_39' title="bbox 202 2718 1585 2767; baseline -0.003 -10"><span class='ocrx_word' id='word_1_376' title='bbox 202 2724 309 2767; x_wconf 85' lang='lat' dir='ltr'><strong>capit,</strong></span> <span class='ocrx_word' id='word_1_377' title='bbox 322 2727 361 2757; x_wconf 91' lang='lat' dir='ltr'><strong>ut</strong></span> <span class='ocrx_word' id='word_1_378' title='bbox 381 2723 510 2757; x_wconf 81' lang='lat' dir='ltr'><strong>habeat</strong></span> <span class='ocrx_word' id='word_1_379' title='bbox 525 2721 718 2766; x_wconf 77' lang='lat' dir='ltr'><strong>pleniorem</strong></span> <span class='ocrx_word' id='word_1_380' title='bbox 734 2719 938 2755; x_wconf 85' lang='lat' dir='ltr'><strong>sententiam</strong></span> <span class='ocrx_word' id='word_1_381' title='bbox 956 2719 1048 2754; x_wconf 83' lang='lat' dir='ltr'><strong>banc</strong></span> <span class='ocrx_word' id='word_1_382' title='bbox 1058 2734 1067 2752; x_wconf 86' lang='lat'>=</span> <span class='ocrx_word' id='word_1_383' title='bbox 1088 2718 1132 2752; x_wconf 80' lang='lat' dir='ltr'><strong>ab</strong></span> <span class='ocrx_word' id='word_1_384' title='bbox 1147 2718 1250 2752; x_wconf 78' lang='lat' dir='ltr'><strong>malis</strong></span> <span class='ocrx_word' id='word_1_385' title='bbox 1263 2718 1396 2753; x_wconf 77' lang='lat' dir='ltr'><strong>artibus</strong></span> <span class='ocrx_word' id='word_1_386' title='bbox 1411 2719 1585 2754; x_wconf 76' lang='lat' dir='ltr'><strong>retinebat</strong></span> 
     </span>
     <span class='ocr_line' id='line_1_40' title="bbox 203 2778 1585 2826; baseline -0.004 -8"><span class='ocrx_word' id='word_1_387' title='bbox 203 2787 237 2818; x_wconf 87' lang='lat' dir='ltr'><strong>et</strong></span> <span class='ocrx_word' id='word_1_388' title='bbox 257 2783 292 2818; x_wconf 80' lang='lat' dir='ltr'><strong>in</strong></span> <span class='ocrx_word' id='word_1_389' title='bbox 316 2783 412 2818; x_wconf 76' lang='lat' dir='ltr'><strong>bonis</strong></span> <span class='ocrx_word' id='word_1_390' title='bbox 434 2781 642 2826; x_wconf 81' lang='lat' dir='ltr'><strong>continebat,</strong></span> <span class='ocrx_word' id='word_1_391' title='bbox 666 2779 710 2814; x_wconf 88' lang='lat' dir='ltr'><strong>de</strong></span> <span class='ocrx_word' id='word_1_392' title='bbox 732 2790 802 2824; x_wconf 83' lang='lat' dir='ltr'><strong>quo</strong></span> <span class='ocrx_word' id='word_1_393' title='bbox 825 2780 1056 2814; x_wconf 82' lang='lat' dir='ltr'><strong>coarctandae</strong></span> <span class='ocrx_word' id='word_1_394' title='bbox 1076 2778 1269 2814; x_wconf 82' lang='lat' dir='ltr'><strong>sententiae</strong></span> <span class='ocrx_word' id='word_1_395' title='bbox 1290 2789 1419 2824; x_wconf 82' lang='lat' dir='ltr'><strong>genere</strong></span> <span class='ocrx_word' id='word_1_396' title='bbox 1437 2789 1471 2813; x_wconf 82' lang='lat' dir='ltr'><strong>v.</strong></span> <span class='ocrx_word' id='word_1_397' title='bbox 1490 2779 1536 2813; x_wconf 84' lang='lat' dir='ltr'><strong>ad</strong></span> <span class='ocrx_word' id='word_1_398' title='bbox 1554 2789 1585 2811; x_wconf 87' lang='lat' dir='ltr'><strong>c.</strong></span> 
     </span>
    </p>
   </div>
  </div>
 </body>
</html>
