1702 2982
212 165 297 207 ωε
584 162 633 205 c„
659 131 983 204 SALLUSTI
1014 157 1234 203 cmsPI

181 277 451 341 4Europam
473 294 610 338 ‚esse,
655 277 738 323 sed
779 277 983 323 Africam
1026 277 1072 322 in
1115 276 1315 338 Europa.
1393 275 1466 321 Ea
1506 274 1607 320 finis

210 375 353 423 habet
387 377 446 422 ab
490 374 724 422 occidente
768 375 935 421 fretum
977 375 1117 420 nostri
1159 374 1293 420 maris
1328 377 1379 418 -et
1409 371 1611 426 Oceani3

215 561 343 605 habet,
369 561 406 597 iu
427 560 618 597 novissima
642 560 860 604 ablativum,
884 561 921 596 in
945 561 1155 596 Commentt.
1178 572 1213 605 p.
1237 559 1319 595 240.
1343 556 1434 592 nihil
1447 556 1613 592 interesse

217 621 416 664 contendit,
443 633 553 666 quum
581 621 837 667 antiquioribus
861 621 1085 666 scriptoribus
1109 621 1350 657 accusativum
1371 628 1436 663 pro
1456 616 1612 653 ablativo

217 693 348 728 ponere
378 683 647 719 usitatissimum
681 683 805 725 fuerit,
838 694 946 728 quam
980 683 1124 718 futuam
1153 682 1385 723 sententiam,
1406 679 1544 724 saepius
1567 679 1613 712 ab

217 754 261 778 eo
293 745 495 788 prolatam,
526 744 627 778 velut
659 744 871 781 Commentt.
901 757 938 790 p.
966 744 1024 780 58.
1059 745 1105 779 ad
1133 745 1210 779 Cat.
1242 743 1312 787 xl,
1347 742 1405 785 5.‚
1425 753 1462 786 p.
1484 738 1544 776 w.
1567 739 1614 773 ad

218 804 295 839 Cat.
320 806 427 847 xlx,
451 805 508 848 3.,
532 808 568 840 et
589 817 623 849 p.
650 805 733 840 221.
758 807 803 840 ad
826 807 906 852 Ing.
928 807 978 849 V,
1001 805 1036 840 4.
1058 804 1325 849 perstrinximus
1345 802 1384 837 in
1405 800 1524 837 lahnii
1546 800 1613 836 An-

218 866 304 900 nall.
331 866 457 910 philol.
483 869 518 901 et
541 867 689 912 paedog.
714 877 749 902 a.
775 867 882 902 1829.
907 868 953 902 Τ.
970 868 1015 903 11.
1031 867 1134 902 Fasc.
1152 866 1180 902 1.
1197 865 1290 910 (sive
1308 866 1414 900 Tom.
1430 864 1494 898 lx.
1510 863 1614 898 Fasc.

219 927 270 971 Ι.)
296 939 331 972 p.
355 926 413 966 51.
437 930 474 963 et
494 927 552 963 62.
593 927 761 963 Eiusdem
783 928 920 964 farinae
943 932 996 964 est
1018 927 1110 973 quod
1135 927 1211 961 cod.
1227 926 1312 960 ven.
1333 925 1369 960 4.
1391 923 1614 969 scripturacn,

216 989 266 1034 pl.
289 993 472 1034 partem
493 989 691 1025 tertiam
715 991 795 1035 Afr.
815 1001 890 1034 pos.
903 1015 915 1032 ,
939 991 1048 1035 longe
1071 987 1370 1033 elegantissimam
1391 988 1514 1030 putat,
1544 996 1614 1029 quo

219 1049 351 1085 iudicio
375 1050 419 1085 de
434 1050 611 1096 elegantia
632 1051 718 1095 quid
739 1051 965 1086 tribuendum
987 1051 1034 1086 sit
1057 1048 1094 1083 in
1116 1047 1306 1082 eorundem
1329 1046 1468 1081 Annail.
1487 1045 1615 1090 philol.

218 1111 244 1146 l.
269 1111 295 1145 l.
319 1123 356 1156 p.
380 1110 437 1147 55.
461 1123 514 1156 sq.
538 1112 818 1155 declaravimus3
841 1113 878 1147 in
900 1113 1032 1148 talibus
1049 1110 1144 1146 enim
1164 1120 1236 1142 non
1267 1106 1466 1153 elegantiae
1497 1118 1616 1142 Sensus

219 1171 432 1215 andiendus,
465 1174 525 1207 sed
555 1173 640 1217 quid
665 1174 927 1219 grammaticae
959 1173 1059 1218 leges
1087 1175 1122 1206 et
1153 1169 1291 1203 dicendi
1322 1180 1424 1211 usus,
1449 1168 1617 1213 8⁰³¹⁰83¹¹

220 1231 337 1274 nisus,
367 1232 533 1277 suadeat,
565 1234 833 1278 dispiciendum.
891 1237 940 1270 Ut
963 1234 1075 1279 igitur
1098 1233 1143 1268 ml
1167 1232 1270 1267 Catil.
1294 1231 1361 1272 LI,
1383 1229 1442 1263 21.
1462 1229 1616 1264 ¹ostendi—

219 1303 300 1327 mus
329 1296 424 1327 recte
455 1293 547 1337 dici,
579 1295 640 1329 sed
673 1295 812 1331 diverse
844 1307 966 1338 sensu,
996 1295 1127 1329 addere
1159 1294 1208 1327 in
1235 1292 1480 1328 sententia
1504 1293 1543 1326 et
1570 1291 1617 1325 iu

220 1355 528 1398 sentent-iam,
551 1358 684 1399 referre
708 1357 755 1391 in
773 1367 960 1391 numero
981 1359 1017 1390 et
1042 1356 1090 1389 in
1111 1364 1376 1397 numerum,
1408 1355 1444 1387 et
1467 1352 1513 1387 ad
1532 1351 1616 1397 lug.

221 1415 318 1458 xm,
340 1414 375 1450 6.
397 1416 507 1469 pkbjs
525 1416 579 1450 vis
598 1416 760 1462 dispersa
785 1419 831 1452 in
853 1416 1163 1452 multitudine
1186 1418 1221 1450 et
1243 1413 1617 1455 multitudinem,
1660 1426 1664 1431 ·

147 1495 150 1497 -
220 1475 273 1512 it·
304 1476 402 1511 alind
433 1480 489 1512 cst
520 1477 570 1512 iu
598 1483 735 1522 parte
765 1480 918 1514 tertia
948 1489 1075 1523 ponere
1098 1477 1336 1521 Africam‚et
1363 1474 1408 1508 iu
1437 1479 1619 1519 partem

222 1539 435 1574 tertiam.
489 1537 703 1573 Accusativo
727 1540 823 1574 enim
847 1540 1069 1586 significatur
1091 1549 1215 1572 eorum
1237 1536 1353 1579 ratio,
1384 1535 1445 1579 qui
1467 1545 1537 1569 non
1558 1546 1619 1569 ac-

221 1602 324 1645 cepta
345 1600 392 1634 ab
417 1599 497 1634 aliis
521 1599 699 1643 tripartita
721 1600 912 1643 divisione,
937 1599 1004 1644 ipsi
1029 1598 1136 1644 primi
1158 1602 1228 1632 tres
1250 1599 1366 1641 partes
1388 1594 1486 1630 orbi·
1505 1597 1621 1630 terne

222 1659 378 1703 radunt,
401 1672 443 1695 ac
466 1660 590 1696 tertiae
613 1660 773 1695 Africam
797 1661 998 1707 assignant3
1033 1659 1191 1695 ablativo
1215 1657 1329 1702 ponito
1351 1656 1380 1690 ii
1401 1655 1622 1702 intelligendi

223 1725 327 1764 sunt,
357 1722 419 1766 qui
445 1723 577 1757 factam
611 1721 684 1756 iam
720 1722 767 1765 ab
799 1722 881 1757 aliis
903 1722 940 1756 in
958 1726 1032 1757 tres
1050 1724 1172 1766 partes
1194 1718 1408 1754 divisionem
1430 1720 1623 1761 sequuntur

223 1786 260 1818 et
291 1783 568 1828 amplectuntur-3
600 1782 657 1817 iui
687 1786 876 1827 quaerunt,
911 1786 997 1827 quot
1027 1786 1143 1828 partes
1164 1780 1348 1815 faciendae
1369 1779 1459 1821 sint,
1483 1778 1523 1812 bi
1547 1778 1622 1813 iam

223 1855 288 1888 pro
320 1844 504 1888 explorato
536 1844 670 1879 babent
700 1847 774 1897 tres¹
790 1846 912 1888 partes
934 1854 1020 1877 esse.
1067 1842 1170 1886 Quae
1191 1851 1301 1884 quum
1322 1840 1375 1874 ita
1397 1839 1486 1880 nint,
1508 1839 1624 1884 possis

224 1905 342 1940 adhuc
372 1905 551 1949 dubitare,
585 1908 704 1940 utram
735 1905 945 1949 scripturam
973 1901 1120 1947 probes3
1153 1901 1212 1935 sed
1235 1900 1335 1945 prior
1357 1899 1449 1935 ratio
1470 1899 1547 1943 ipsa
1566 1900 1622 1935 rei

224 1967 351 2001 natura
374 1966 490 2011 magis
513 1967 789 2001 commendatur.
836 1965 932 1999 Tum
954 1961 1175 1999 accusativus
1198 1961 1386 2006 Augustini
1409 1960 1623 1996 auctoritate

225 2026 406 2072 aliquanto
437 2026 609 2061 maiorem
641 2037 748 2070 qnam
771 2026 871 2061 codd.
898 2026 1003 2059 fidem
1024 2023 1152 2064 haben
1178 2021 1326 2066 denique
1347 2022 1473 2057 scribis
1495 2022 1624 2059 ablati-

226 2099 291 2123 vus
321 2099 404 2122 cum
434 2099 562 2132 ponere
594 2088 704 2122 verbo
727 2087 866 2121 iunctus
889 2084 1006 2119 notior
1029 2087 1106 2118 erat
1124 2086 1250 2127 quarto
1273 2094 1357 2118 casu
1373 2111 1383 2127 ,
1415 2094 1520 2127 quem
1542 2094 1624 2117 eam

226 2149 272 2184 ob
298 2159 458 2184 caussam
483 2147 623 2182 facilius
654 2150 834 2182 mutarunt
866 2146 903 2180 in
939 2146 1114 2187 alterum,
1147 2155 1256 2188 quam
1279 2148 1414 2180 eontra.
1460 2144 1624 2179 Ceterum

225 2210 377 2244 notanda
400 2209 618 2254 sequentium
641 2209 832 2243 verborum
854 2210 1050 2248 structura,
1084 2205 1130 2240 ad
1149 2216 1288 2239 sensnm
1310 2205 1428 2250 potins
1449 2216 1555 2250 quam
1577 2206 1625 2239 ad

227 2271 485 2317 grammaticae
509 2272 605 2316 leges
628 2270 806 2310 instituta3
829 2279 913 2303 nam
934 2278 1053 2302 accus.
1073 2279 1107 2302 c.
1131 2267 1194 2301 inf.
1219 2278 1289 2301 non
1313 2270 1478 2301 accurate
1499 2266 1626 2311 pendet

228 2343 272 2366 ex
290 2342 437 2376 posuere
467 2333 599 2376 verbo,
633 2332 695 2367 aed
719 2330 924 2376 repetendus
947 2333 1000 2364 est
1023 2340 1046 2363 a
1069 2328 1190 2362 iudicii
1214 2327 1378 2369 natione,
1403 2337 1499 2371 quae
1521 2326 1559 2361 in
1582 2338 1624 2361 eo

226 2392 335 2434 inest,
359 2404 468 2436 quum
491 2397 614 2428 auctor
638 2393 750 2427 talem
771 2393 846 2426 fere
869 2390 1074 2425 sententiam
1099 2392 1219 2424 mente
1232 2387 1446 2433 conceperit:
1469 2387 1506 2422 in
1520 2388 1624 2423 divis.

227 2454 304 2490 orb.
331 2457 396 2489 ter.
419 2455 471 2498 pl.
496 2465 576 2488 eam
600 2454 774 2487 rationem
798 2453 1009 2496 sequuntur,
1042 2455 1090 2484 ut
1113 2455 1184 2484 tres
1213 2454 1334 2495 partes
1357 2460 1428 2483 esse
1452 2460 1469 2483 s
1483 2453 1622 2485 tutu--

230 2519 332 2557 ant,
363 2515 470 2560 pauci
498 2515 588 2549 duas
615 2519 766 2549 tantum.
822 2513 927 2557 Quod
958 2511 1162 2557 ignorantes
1193 2511 1330 2545 scribae
1362 2509 1400 2543 in
1420 2509 1543 2544 Guelf.
1568 2509 1623 2544 lo.

231 2577 370 2618 dicunt,
399 2575 438 2609 in
470 2575 591 2611 Struv.
621 2576 804 2609 voluerunt
835 2573 994 2607 intulere.
1023 2573 1073 2606 cf.
1109 2572 1153 2606 ad
1183 2572 1262 2606 Cat.
1288 2571 1396 2613 ΧΧΙ,
1418 2571 1454 2606 3.
1478 2572 1564 2614 XL,
1587 2571 1624 2607 3.

230 2638 308 2684 Ing.
332 2638 432 2680 vm,
455 2635 488 2670 1.
513 2636 651 2677 XXVI,
674 2635 710 2668 1.
733 2634 918 2678 LXXXII,
942 2633 978 2668 3.
1017 2632 1236 2675 'l‘ripartitae
1259 2631 1442 2667 divisionis
1465 2636 1625 2667 auctores

228 2698 368 2734 certius
396 2698 508 2734 refert
537 2696 750 2731 Strabonem
783 2698 820 2730 et
847 2693 1025 2735 Plinium,
1050 2693 1132 2726 cou.
1155 2693 1291 2727 Duker.
1314 2694 1361 2727 ad
1382 2693 1479 2727 Flor.
1507 2693 1563 2736 11,
1587 2693 1623 2735 8,

231 2759 262 2793 1.
310 2760 407 2794 Duas
438 2757 535 2793 orbis
566 2759 738 2791 terrarum
772 2757 889 2798 partes
913 2752 1046 2788 faciunt
1069 2753 1329 2798 Agathemerus
1347 2752 1395 2787 de
1419 2754 1553 2799 Geogr.
1577 2754 1624 2798 u,
