1716 2996
230 179 317 220 48⁰
595 177 641 221 C.
670 176 999 222 SALLUSTI
1037 178 1263 225 CRISPI

195 293 307 341 esiti
340 293 486 355 magis
521 309 659 353 quam
702 294 788 338 alia
833 286 1199 341 reaccenditur.
1270 295 1381 343 Eius
1418 297 1621 358 potiundi

227 390 427 436 Marium
463 406 672 435 maxuma
719 391 891 451 cupido
941 392 1186 450 invaserat,
1232 409 1384 453 *quum
1433 401 1621 455 propter

226 503 358 533 usum
391 488 521 545 belli,
556 494 652 533 tum
687 489 792 547 quia
825 504 901 533 res
937 504 1098 550 aspera
1131 490 1393 548 videbatur,
1436 497 1481 536 et
1514 490 1622 536 Me-

227 586 358 630 tellus
400 584 624 646 oppidum
659 567 857 629 Tlialam
892 601 1061 646 magna
1090 587 1237 648 gloria
1265 593 1463 648 ceperat,
1497 583 1623 632 haud

225 682 498 727 dissimiliter
535 682 666 726 situm
701 682 1032 742 munitumque,
1063 683 1147 729 nisi
1181 685 1307 744 quod
1339 683 1462 746 apud
1490 685 1618 730 Tha·
1651 674 1653 676 V

223 781 317 825 lam
366 772 458 824 non
513 779 651 839 longe
708 794 736 823 a
779 779 1015 824 moenibus
1065 781 1236 841 aliquot
1282 782 1430 827 fontes
1474 787 1620 839 erant,
1669 777 1675 783 ’

226 878 484 938 Capsenses
523 892 610 935 una
646 876 800 934 modo,
842 882 979 936 atque
1015 893 1069 922 ea
1099 877 1218 923 intra
1252 878 1496 940 oppidum,
1527 879 1620 940 iugi

222 1010 298 1040 tum
329 1007 384 1040 est
415 1003 509 1039 enim
545 1003 639 1048 quod
674 1013 798 1047 reapse
827 1003 999 1048 periculis
1031 1017 1100 1040 uon
1130 1010 1183 1041 est
1211 1006 1362 1041 liberum
1386 977 1621 1049 ‹iamnumque

220 1065 398 1109 minatur3
420 1066 589 1109 infestum
612 1075 720 1109 vero,
754 1065 848 1109 quod
880 1065 1038 1100 animum
1060 1066 1296 1111 periculorum
1320 1066 1522 1101 instantium
1545 1065 1620 1110 opi-

219 1129 322 1162 nione
355 1127 538 1172 perturbat
568 1130 604 1161 et
633 1125 801 1161 horribili
833 1127 987 1170 quadam
1015 1128 1206 1171 formidine
1228 1127 1361 1172 implet.
1407 1127 1521 1172 Igitur
1544 1127 1620 1161 loca

219 1189 436 1235 serpentibus
470 1188 602 1232 infesta
634 1198 704 1221 non
744 1185 954 1230 simpliciter
986 1191 1066 1222 suut
1101 1199 1165 1232 per
1202 1191 1378 1232 serpentes
1408 1187 1617 1232 periculosa,
1687 1203 1691 1206 -

219 1251 280 1286 sed
303 1260 395 1295 quae
417 1259 459 1283 eo
481 1248 668 1283 horrorem
690 1247 809 1283 animo
831 1246 1000 1282 iniiciant.
1025 1267 1070 1274 —
1097 1248 1249 1291 Quorum
1270 1251 1367 1283 recte
1389 1248 1618 1283 Gerlachium
1680 1277 1690 1281 ,

171 1314 175 1319 “
217 1310 395 1356 scripsisse
416 1311 581 1354 putamus
603 1307 669 1352 p'ro
692 1319 852 1353 quarum,
876 1313 915 1345 ut
938 1310 975 1344 in
999 1310 1147 1354 vulgata.
1169 1312 1242 1350 est;
1266 1308 1500 1344 masculinum
1523 1309 1617 1344 enim

216 1373 388 1418 praebent
416 1371 500 1405 Bas.
524 1368 558 1402 1.
584 1367 618 1401 4.
643 1368 758 1404 Paris.
783 1370 819 1405 b.
845 1382 876 1406 c.
900 1383 930 1406 z.
955 1374 991 1406 et
1013 1382 1046 1405 x.
1070 1382 1119 1404 m.
1143 1381 1197 1414 pr.
1219 1369 1318 1405 Leid.
1342 1370 1384 1405 A.
1411 1371 1456 1408 B.
1482 1371 1522 1406 G.
1543 1371 1616 1405 Be-

215 1433 284 1469 rol.
308 1432 342 1469 1.
364 1431 400 1467 2.
423 1430 546 1472 Misu„
570 1439 691 1462 omnes
722 1429 797 1465 fere
819 1432 914 1476 Ital„
937 1442 980 1467 ac
1002 1431 1219 1477 probabilius
1242 1431 1381 1466 videtur
1404 1429 1538 1466 scribas
1560 1432 1616 1466 fe-

154 1496 179 1525 ,’
215 1494 407 1535 mininam,
441 1489 535 1536 quod
567 1488 731 1524 usitatius
766 1495 819 1527 est
851 1493 906 1538 (v.
939 1493 1044 1528 Conr.
1081 1491 1189 1537 Leop.
1222 1491 1431 1527 Schneider-i
1454 1492 1614 1534 Gramm.

215 1555 296 1591 Lat.
325 1555 371 1591 11.
405 1564 440 1598 p.
465 1550 587 1596 125.),
617 1550 655 1585 iu
686 1551 919 1587 masculinum
952 1555 1133 1596 mutasse,
1163 1563 1271 1597 quam
1302 1555 1434 1588 eontra.
1459 1571 1507 1580 -
1530 1553 1615 1599 Ipsn

215 1616 243 1651 i.
268 1627 300 1651 e.
324 1626 389 1660 per
411 1625 465 1654 se,
486 1613 533 1648 cf.
558 1613 604 1648 ad
627 1624 658 1646 c.
681 1613 806 1655 val,
831 1612 867 1648 4.

310 1679 343 1721 §.
367 1676 403 1712 6.
450 1675 539 1710 Eius
570 1674 753 1720 potiundi]
787 1672 1001 1708 Pronomine
1030 1674 1105 1709 eius
1131 1672 1245 1708 oratio
1274 1683 1312 1708 se
1335 1673 1461 1719 recipit
1477 1673 1530 1715 ,ad
1550 1684 1614 1719 op-

213 1739 336 1785 pidum
361 1738 533 1783 Capsam,
567 1735 618 1770 ita
640 1738 679 1770 ut
702 1734 804 1780 quasi
829 1746 892 1780 per
914 1734 1139 1779 parenthesin
1162 1732 1398 1778 accipiantur,
1428 1746 1519 1780 quae
1541 1746 1610 1770 au-

215 1804 316 1843 ctor,
348 1798 385 1833 in
421 1797 517 1832 illius
547 1799 674 1831 natura
707 1796 917 1832 illustranda
951 1796 997 1831 ab
1030 1806 1100 1843 una
1131 1806 1172 1830 re
1205 1795 1251 1829 ad
1282 1795 1431 1840 alteram
1453 1796 1611 1839 delatus,

212 1862 335 1907 paullo
358 1858 530 1905 prolixius
554 1857 756 1902 disputavit.
805 1856 959 1891 Weisius
993 1868 1036 1891 ex
1063 1855 1237 1900 corruptis
1271 1854 1349 1891 edd.
1373 1855 1514 1902 scripsit
1537 1857 1612 1891 eius
1664 1880 1670 1882 -

139 1926 151 1937 ’
213 1922 374 1968 oppidi
406 1924 480 1967 pot.
496 1938 543 1944 —
567 1919 714 1964 Propter
736 1930 837 1954 usum
860 1919 953 1962 belli,
975 1930 1009 1953 v.
1033 1917 1078 1952 ad
1101 1929 1132 1951 c.
1156 1916 1344 1960 LXXXIV,
1368 1916 1404 1954 3.
1424 1934 1470 1943 —
1492 1915 1622 1970 Maio--

213 1996 291 2019 rem
315 1976 629 2027 interpunctionem
661 1982 739 2024 post
763 1981 948 2016 videbatur
982 1976 1192 2019 Gerlachius
1216 1977 1254 2011 in
1281 1975 1419 2015 minore
1441 1977 1517 2020 ed.,
1539 1977 1610 2012 Fa-

210 2046 316 2080 brum
340 2046 495 2085 secutus,
520 2043 616 2076 recte
639 2040 675 2075 in
698 2052 841 2077 comma
863 2039 1038 2082 mutavit,
1058 2048 1266 2074 caussarum
1287 2037 1524 2083 expositione,
1546 2023 1610 2072 cur

210 2105 350 2141 Marius
381 2105 534 2148 Capsam
562 2112 695 2147 capere
725 2102 851 2147 vellet,
873 2101 924 2137 ita
947 2099 1176 2142 continuata,
1207 2103 1249 2135 ut
1271 2099 1450 2144 sequentia
1469 2110 1610 2144 quoque

211 2178 255 2201 ex
278 2168 362 2212 quia
393 2165 576 2210 pendeant.
607 2182 655 2188 --
686 2162 758 2197 Pro
787 2174 877 2197 non
909 2163 1013 2207 longe
1045 2159 1186 2196 Curtius
1218 2171 1261 2194 ex
1291 2171 1361 2195 uno
1387 2159 1464 2194 Vin.
1487 2158 1522 2194 1.
1546 2158 1608 2204 qui

211 2228 321 2262 habet
343 2227 441 2262 haud
469 2224 611 2271 procul,
643 2223 784 2268 scripsit
814 2223 942 2259 haud
974 2224 1090 2269 long-e.
1113 2242 1162 2248 -
1185 2222 1299 2267 Atque
1323 2233 1384 2264 ea,
1407 2231 1443 2255 v.
1465 2221 1605 2265 Zumpt.

211 2288 372 2323 Gramm.
397 2287 475 2322 Lat.
510 2286 545 2328 §.
573 2284 633 2319 84.
657 2285 697 2319 G.
721 2284 757 2321 7.
791 2292 826 2330 pl
860 2283 942 2318 484.
975 2284 1030 2319 ed.
1065 2284 1122 2319 IV.
1145 2302 1193 2311 -
1226 2283 1359 2330 Iugis
1381 2293 1475 2327 aqua
1497 2290 1606 2326 paene

210 2359 323 2393 aeque
353 2346 525 2382 constanti
555 2357 622 2381 usu
655 2345 785 2381 dicitur
815 2357 857 2381 ac
885 2346 1069 2391 perennis,
1101 2344 1126 2380 i.
1151 2356 1183 2380 e.
1215 2355 1306 2390 quae
1335 2352 1512 2387 nunquam
1534 2351 1603 2375 nou
1670 2379 1682 2393 x

209 2409 380 2451 scaturit,
411 2407 572 2452 opposita
593 2419 707 2452 aquae
729 2419 771 2443 ex
802 2406 925 2452 pluvia
947 2406 1117 2441 collectae
1137 2405 1196 2439 vel
1219 2403 1434 2439 cisterninae.
1458 2402 1503 2436 cf.
1527 2400 1602 2436 Cic.

210 2471 254 2506 (le
276 2469 357 2513 niv„
382 2469 426 2512 ΙΙ,
453 2469 512 2512 13,
536 2469 595 2504 31.
643 2470 812 2504 Etiamne
827 2470 992 2512 futurum
1014 2477 1086 2517 esse
1110 2465 1246 2510 (terrae
1272 2464 1419 2508 motum)
1452 2473 1603 2509 aquae

207 2531 333 2578 iugis
356 2531 468 2564 colore
486 2530 756 2574 praesentiunt?
780 2529 828 2566 cf.
852 2527 1037 2565 Heindorf.
1055 2526 1101 2560 ad
1124 2526 1212 2559 Hor.
1235 2523 1308 2558 Sat.
1332 2523 1378 2567 11,
1399 2523 1434 2565 6,
1457 2522 1491 2556 2.
1513 2522 1601 2567 Epp.

208 2592 238 2635 1,
263 2592 323 2634 15,
349 2580 406 2626 15.
429 2584 633 2627 Doederlini
656 2591 852 2640 Synonym.
875 2589 954 2623 Lat.
980 2587 1057 2621 Vol.
1081 2587 1110 2621 1.
1145 2597 1187 2634 p.¹
1204 2583 1253 2627 5.,
1284 2583 1345 2628 qui
1369 2586 1470 2623 acute
1492 2581 1602 2618 conii-

208 2653 259 2688 cit
281 2653 489 2687 descendere
511 2662 635 2686 vocem
660 2661 682 2685 a
705 2651 766 2685 diu
783 2677 793 2693 ‚
817 2649 957 2686 abiecta
981 2649 1014 2682 D
1038 2647 1165 2689 littera,
1193 2648 1232 2680 ut
1254 2644 1291 2679 in
1313 2645 1428 2689 Ianus,
1450 2644 1600 2685 bellum,

161 2719 164 2722 '
208 2713 362 2758 Iupiter,
387 2713 574 2757 additaque
595 2711 630 2746 in
653 2711 724 2746 fine
744 2712 804 2757 gis
827 2710 987 2757 syllaba,
1016 2708 1068 2743 ita
1099 2710 1138 2742 nt
1161 2718 1263 2741 sensu
1286 2707 1390 2741 valde
1413 2708 1600 2751 cognatum

207 2774 254 2810 sit
277 2774 465 2810 diuturnus
487 2773 580 2810 voci.
628 2772 659 2808 A
680 2772 762 2819 iugi
782 2774 905 2807 autem
925 2769 1087 2816 perennis
1109 2767 1160 2804 ita
1183 2767 1322 2810 differt,
1347 2764 1387 2802 ut
1408 2766 1471 2801 illo
1494 2775 1601 2800 voca-

1696 1917 1716 2014 ..u-
