1716 2996
241 168 329 210 474
619 167 666 212 G.
695 168 1013 213 SALLUSTI
1044 171 1263 217 GRISPI

244 282 428 329 consilia
463 289 516 330 et
559 285 737 331 insidias
772 301 931 332 eorum
973 291 1253 351 antevenire,
1287 290 1399 338 nihil
1431 296 1556 355 apud
1585 313 1634 343 se

203 382 473 442 &emissum
518 397 668 442 neque
711 383 838 444 apud
881 384 983 430 illos
1020 391 1172 432 -tutum
1213 388 1322 449 pati.
1389 390 1563 452 Itaque
1589 402 1634 440 et

242 479 462 524 Gaetulos
507 485 554 525 et
592 480 883 542 Iugurtham,
928 496 985 528 ex
1024 470 1156 529 Sociis
1203 486 1364 532 nostris
1412 490 1633 549 praedam

240 577 438 638 agentis,
489 592 628 639 saepe
665 593 909 640 aggressus
943 580 991 625 in
1024 580 1181 633 itinere
1215 581 1422 641 fuderat,
1456 587 1630 648 ipsum-

238 689 330 734 que
364 690 524 737 regem
557 675 684 721 haud
717 677 958 738 proculab
994 678 1170 740 oppido
1202 678 1326 725 cirta
1353 683 1487 729 armis
1521 700 1633 731 exu-

236 838 319 860 rore
351 826 505 871 quodam
535 827 658 862 iudicii
692 828 749 862 vel
789 839 909 863 sensus
947 828 1004 863 sui
1045 816 1145 864 haud
1170 841 1310 866 securus
1345 832 1415 868 sibi
1447 834 1632 879 videatur3

235 892 358 922 eontra
379 899 518 922 securus
536 899 612 923 esse
635 888 767 933 possit,
804 889 886 932 eui,
918 889 1052 924 seilicet
1082 891 1173 926 nihil
1195 891 1356 927 sentienti
1382 898 1418 928 et
1439 895 1541 939 quasi
1563 896 1631 931 im—
1636 930 1642 935 ,

234 949 420 995 prudenti,
443 949 658 996 gravissima
677 949 837 996 pericula
860 949 1077 989 immineant.
1097 953 1144 990 ef.
1171 952 1375 989 Doederlini
1397 953 1630 1000 Synou.12at.

233 1012 310 1046 Vol.
335 1012 398 1045 111.
423 1023 457 1056 p.
476 1011 545 1045 120
568 1023 640 1056 sqq.

325 1074 358 1116 5.
380 1072 416 1107 8.
465 1081 507 1107 erc
529 1072 654 1116 sociis]
677 1072 702 1107 ἰ.
728 1083 761 1108 e.
785 1069 828 1108 ejr
851 1073 971 1117 ag‘ro
1000 1073 1182 1117 sociorum,
1204 1077 1246 1110 ut
1267 1084 1378 1119 supra
1400 1086 1432 1109 c.
1455 1075 1578 1118 XLIV,
1593 1075 1629 1111 1.

235 1134 433 1168 Praedator
457 1145 499 1167 ea·
521 1133 674 1167 sociis.
720 1133 834 1179 Saepe
861 1134 956 1170 enim
977 1135 1175 1171 incolarum
1205 1136 1263 1171 vel
1285 1136 1493 1181 populorum
1516 1137 1630 1171 nomi-

230 1206 279 1230 na
298 1187 482 1240 ponuntur
514 1205 579 1238 pro
613 1194 771 1237 ipsorum
808 1200 904 1231 terra
938 1197 997 1231 vel
1032 1197 1200 1244 regione,
1241 1208 1350 1241 quam
1379 1197 1559 1240 habituum
1591 1208 1627 1234 v.

228 1254 494 1291 Drakenborch.
518 1254 564 1288 ad
587 1254 665 1289 htv.
690 1255 748 1296 lv,
766 1256 826 1301 41,
845 1258 903 1292 11.
923 1262 959 1292 et
981 1258 1027 1293 ad
1044 1258 1087 1300 V,
1103 1257 1162 1299 28,
1178 1256 1213 1291 5.
1233 1258 1446 1293 Bamshorn.
1464 1259 1628 1294 Gramm-

228 1317 307 1352 Im.
341 1319 371 1360 5,
397 1316 478 1352 2⁰3.
511 1316 540 1352 1.
564 1316 599 1351 3.
633 1328 667 1369 p.
692 1316 774 1352 657.
808 1319 863 1352 ed.
885 1319 915 1353 L
963 1320 1017 1353 Ex
1047 1317 1264 1363 praepositio
1298 1319 1470 1365 abigendi
1490 1319 1628 1355 notioni

204 1421 207 1426 ἱ
227 1378 335 1413 valde
357 1376 540 1419 conventu
564 1377 698 1422 pariter
717 1379 846 1414 dieitur
866 1379 1104 1424 praedari
1139 1390 1193 1413 ex
1214 1390 1306 1425 agro
1329 1380 1495 1423 hostiam,
1528 1381 1626 1416 velut

227 1441 320 1485 apud
353 1439 431 1476 Liv.
461 1439 586 1480 xxiv,
607 1438 668 1482 47,
695 1439 754 1475 12.
778 1441 825 1475 cf.
861 1440 1048 1486 Kreyssig.
1081 1439 1119 1474 in
1150 1439 1239 1476 Sall.
1261 1439 1416 1475 Historr.
1438 1441 1623 1487 Fragmm.

226 1502 273 1537 ab
297 1502 389 1547 Ang.
421 1500 521 1535 Maio
554 1499 681 1543 editis,
705 1512 740 1544 p.
763 1499 826 1536 39.
858 1505 894 1536 et
926 1502 1046 1535 Hand.
1079 1501 1124 1535 de
1155 1500 1310 1536 Pal-tice.
1342 1501 1435 1536 Latt.
1468 1501 1547 1549 νο).
1575 1502 1623 1537 Π.

224 1575 262 1608 p.
293 1562 376 1598 620.
411 1565 443 1606 5.
478 1561 535 1596 13.
584 1562 767 1605 Praedas,
803 1573 907 1606 quem
940 1561 1038 1596 vocis
1069 1572 1254 1596 numerum
1284 1561 1502 1596 defendimus
1513 1561 1569 1609 ‘ad
1591 1573 1623 1600 e.

226 1625 306 1667 XX,
329 1624 377 1667 8.,
402 1623 547 1668 plurimi
570 1623 767 1668 optimique
788 1624 889 1659 codd.
915 1627 1076 1663 mentm-3
1109 1620 1269 1656 nonnulli
1291 1632 1335 1656 ex
1357 1622 1623 1667 interpolatione
1683 1615 1685 1620 ’

223 1686 357 1721 habent
386 1685 580 1731 praedam,
614 1685 708 1730 quod
738 1684 878 1719 Cottius
906 1683 1050 1728 recepit.
1081 1701 1129 1708 —-
1168 1683 1212 1716 Iu
1243 1683 1372 1718 itinere
1404 1688 1456 1718 est
1477 1684 1561 1718 dum
1583 1684 1622 1718 in

222 1749 350 1783 itinere
383 1751 504 1789 erant,
536 1746 621 1780 (lum
651 1746 720 1781 iter
751 1745 959 1788 faciebant,
978 1756 1012 1779 v.
1036 1744 1081 1779 ad
1105 1755 1137 1778 ο.
1163 1744 1252 1786 LIV,
1275 1742 1331 1786 4;
1354 1743 1620 1788 praepositione,

221 1820 331 1854 quam
368 1807 508 1842 Col-tius
541 1818 672 1852 paucos
709 1808 810 1843 oodd.
844 1811 999 1848 secutus,
1031 1804 1176 1847 omisit,
1207 1804 1269 1839 vix
1289 1814 1422 1839 careas.
1445 1824 1492 1830 —
1515 1806 1619 1840 Plus-

221 1870 487 1916 quamperfecta
528 1870 680 1912 fuderat
693 1894 704 1912 ‚
749 1874 895 1904 exuerat
942 1867 1090 1912 pendent
1131 1878 1174 1900 ex
1211 1865 1320 1901 tacita
1357 1865 1619 1909 comparatione

220 1930 430 1978 posterioris·
449 1930 597 1965 alicuius
620 1930 725 1974 facti,
750 1941 854 1974 quem
878 1940 981 1963 usum
1002 1927 1259 1962 illustravimus
1280 1927 1324 1961 ad
1339 1926 1414 1960 Cat.
1437 1924 1564 1967 XXIV,
1581 1925 1615 1960 l.

219 1997 255 2029 et
280 1993 326 2028 ad
350 1993 428 2038 Ing.
453 1992 567 2034 LVII,
592 1991 627 2026 6.
652 2010 696 2018 —
728 1993 845 2026 Armis
878 2000 1042 2025 exuere
1072 1987 1252 2033 significat
1284 1987 1439 2031 aliquem
1463 1986 1515 2023 its
1537 1986 1615 2021 vin-

220 2066 321 2097 cere,
347 2058 386 2089 ut
416 2052 527 2088 armis
557 2053 690 2088 relictis
721 2054 779 2087 vel
803 2051 949 2088 abiectis
972 2050 1109 2096 fugiat3
1132 2050 1211 2086 niv.
1234 2050 1347 2093 XXII,
1369 2049 1429 2094 21,
1453 2048 1488 2083 4.
1509 2049 1613 2086 Caes.

219 2116 264 2150 B.
290 2116 336 2150 G.
360 2115 423 2157 III,
446 2114 481 2149 6
508 2113 570 2148 ubi
594 2125 630 2150 v.
651 2115 809 2160 Herzog.

313 2178 344 2219 5.
374 2175 408 2210 4.
454 2176 611 2220 gloriosa
633 2176 755 2218 modo,
779 2185 890 2219 neque
913 2174 996 2208 bellu·
1014 2173 1186 2218 patrandi
1208 2144 1395 2218 cognovit]
1420 2170 1492 2206 Hic
1514 2170 1614 2205 loeus

219 2236 340 2271 multis
369 2235 698 2280 interpolationibus
732 2237 893 2271 foedatus
917 2240 989 2277 est,
1019 2234 1072 2269 ita
1095 2238 1236 2276 tamen,
1269 2238 1311 2269 ιιι
1333 2244 1418 2268 vera
1438 2231 1612 2276 scriptura
1640 2267 1642 2269 ,
1709 2236 1716 2239 “

218 2309 288 2332 non
320 2298 435 2331 solum
467 2297 504 2331 ἰιι
537 2297 715 2332 nonnullis
745 2297 846 2332 codd.
880 2296 1018 2342 integra
1041 2299 1182 2330 servata
1204 2295 1273 2339 sit,
1303 2294 1364 2330 sed
1386 2305 1430 2328 ex
1459 2291 1611 2328 turbatis

217 2369 358 2403 quoque
388 2359 558 2402 exemplis
588 2359 699 2403 possit
721 2353 818 2394 erui.
857 2359 980 2393 Exstat
1010 2361 1130 2392 autem
1153 2357 1247 2401 quod
1269 2356 1305 2390 in
1328 2358 1488 2390 contextu
1510 2351 1608 2386 dedi-

217 2430 297 2454 mus
320 2418 357 2453 in
378 2419 464 2453 Bas.
489 2419 523 2454 l.
556 2420 670 2454 Paris.
704 2431 735 2455 e.
758 2432 792 2455 x.
817 2432 864 2463 z.,
895 2423 936 2454 ιιι
968 2418 1126 2460 videtur,
1156 2418 1194 2453 in
1224 2417 1320 2453 Laid.
1344 2415 1387 2450 A.
1410 2415 1454 2448 B.
1479 2414 1522 2447 Ε.
1547 2413 1607 2455 G„

217 2479 463 2516 confirmatum
502 2491 610 2524 quam
643 2481 798 2515 maxime
828 2480 1037 2516 auctoritate
1070 2478 1262 2520 Prisciani,
1294 2476 1370 2521 qui‘
1387 2475 1513 2517 XVIII,
1544 2473 1603 2518 24,

215 2542 298 2577 209.
330 2541 395 2576 Kr.
425 2540 520 2575 hunc
552 2542 668 2576 locum
703 2543 843 2585 laudat,
873 2545 912 2576 ut
935 2542 1057 2575 doceat
1078 2538 1273 2585 genitivum
1304 2548 1347 2572 ex
1369 2547 1456 2571 voce
1480 2547 1605 2570 caussa

215 2603 407 2647 supplenda
438 2602 599 2646 pendere.
645 2603 811 2637 Proxime
841 2602 1010 2637 accedunt
1038 2601 1066 2635 ii
1089 2600 1205 2643 codd„
1228 2599 1264 2633 in
1288 2599 1414 2642 quibus
1437 2597 1605 2647 adgeni-

215 2665 331 2700 tivum
355 2663 598 2709 explicandum
633 2667 711 2707 post
729 2664 901 2708 patranda·
928 2661 1068 2696 additur
1090 2661 1247 2713 copiam5
1282 2659 1345 2693 alii
1368 2663 1404 2694 et
1425 2659 1517 2693 hane
1540 2670 1601 2692 vo-

216 2737 294 2761 cem
316 2725 503 2761 insiticiam
526 2725 676 2766 habent,
707 2728 743 2759 et
766 2727 846 2769 post
867 2724 1026 2769 gloriosa
1055 2723 1238 2757 ostendunt
1253 2723 1359 2766 sacta
1387 2725 1491 2760 οιιηις
1526 2718 1602 2761 alii,

214 2790 367 2833 utraque
395 2785 665 2831 interpolatione
701 2783 896 2830 inquinati,
923 2784 1024 2818 modo
1060 2795 1146 2818 voce
1181 2786 1321 2825 σαι-επις
1354 2785 1534 2827 praeterea
1565 2779 1601 2814 in
