1708 2930
169 164 219 194 Π
592 146 1138 191 PRAEFATIO.

168 264 266 312 Sed
302 263 504 326 quamvis
535 279 717 323 vereor,
750 279 809 310 ne
833 263 1116 310 nihilomiuus
1153 263 1224 323 id,
1257 264 1383 325 quod
1416 280 1445 311 a
1476 280 1553 312 me

168 369 270 431 ipso
316 368 378 413 ad
411 344 541 415 ¹hanc
588 367 830 413 editionem
883 365 1193 412 adornandam
1242 366 1425 412 allatum
1473 373 1555 429 est,

168 470 301 516 valde
334 476 467 516 tenue
498 470 553 515 sit
587 475 633 515 et
666 469 891 531 scriptoris
924 456 1220 531 praeetantiae
1252 485 1416 531 parum
1443 485 1556 515 con-

169 574 364 631 veniens,
397 578 548 618 tamen
579 588 635 618 eo
671 576 792 617 certe
812 571 981 630 aliquid
1012 572 1407 618 commendationis
1434 571 1558 618 hune

170 676 335 722 librum
378 674 636 720 habiturum
684 690 783 719 esse
827 689 988 735 spere,
1035 674 1161 734 quod
1203 690 1426 736 prospera
1458 675 1554 719 for-

170 757 288 825 tuna⁸
313 777 424 823 mihi
470 776 658 837 contigit
703 777 828 822 novis
876 776 1142 836 quibusdam
1184 778 1344 822 criticis
1379 778 1555 838 praesi-

171 881 256 926 diis
290 881 368 937 uti,
403 878 563 938 quibus
597 878 644 922 in
677 878 830 939 priore
864 879 1088 924 volumine
1114 879 1389 925 recensendo
1418 879 1558 924 desti-

171 988 290 1028 tutus
326 997 463 1028 eram.
530 980 732 1026 Primum
765 981 885 1026 enim
915 981 1100 1027 adhibui
1140 982 1282 1028 varias
1317 982 1558 1043 scripturas

174 1084 341 1130 codicis
382 1082 662 1140 Misenensis,
707 1098 736 1128 a
776 1083 886 1129 Viro
928 1058 1314 1130 Excellentissimo
1335 1116 1350 1142 ‚
1391 1084 1560 1130 Ioanne

173 1188 414 1246 schulzio,
470 1191 695 1245 enotatas,
741 1186 966 1247 mihique,
1012 1193 1064 1231 ut
1103 1188 1279 1232 narravi
1320 1187 1366 1232 in
1408 1188 1562 1234 Praef.

174 1291 309 1338 Tom.
329 1291 379 1349 1.‚
409 1290 650 1336 liberaliter
678 1289 860 1335 traditas
876 1324 890 1347 ,
933 1305 1075 1350 qnae,
1111 1291 1320 1349 quoniam
1354 1291 1561 1336 absoluto

175 1393 358 1440 demum
403 1392 596 1438 Catilina
635 1391 695 1436 ad
737 1408 811 1438 me
854 1397 1177 1454 pervenerunt,
1211 1399 1319 1451 tunc
1351 1393 1400 1438 in
1431 1408 1562 1439 usum

174 1496 328 1541 vocari
370 1509 462 1541 non
514 1499 738 1555 poterant.
817 1494 903 1540 His
958 1496 1146 1541 accessit
1196 1495 1317 1541 aliud
1361 1495 1563 1542 eiusdem

175 1599 256 1643 viri
289 1598 627 1643 benevolentiae
656 1602 794 1657 atque
823 1597 1086 1643 humanitati
1114 1597 1316 1645 debitum
1339 1599 1562 1645 auxilium.

175 1700 331 1758 Quum
365 1700 482 1745 enim
519 1700 853 1762 comperissem,
876 1701 923 1746 in
955 1700 1228 1745 bibliotheca
1257 1702 1386 1763 regia
1412 1701 1562 1747 Bero-

175 1803 334 1850 linensi
367 1802 603 1847 nonnullos
648 1803 846 1849 Sallustii
890 1802 1069 1849 codices
1105 1804 1344 1862 asservari,
1383 1803 1563 1850 Schul-

175 1906 294 1963 zius,
323 1904 404 1949 vir
430 1904 776 1963 Illustrissimus,
808 1922 913 1952 meo
946 1911 1112 1968 rogatu
1145 1911 1302 1952 auctor
1334 1906 1420 1951 fuit
1445 1906 1562 1952 wil-

177 2008 342 2063 kenio‚
378 2007 493 2053 illius
526 2007 827 2054 bibliothecae
860 2008 1097 2070 praefecto
1135 2021 1333 2066 summo,
1367 2013 1417 2054 ut
1446 2009 1562 2054 duos

178 2111 319 2158 libros
360 2123 494 2157 manu
537 2110 726 2171 scriptos
770 2110 862 2157 huc
899 2111 1010 2159 mihi
1041 2112 1263 2168 mitteret,
1296 2111 1456 2170 quibus
1490 2111 1563 2155 in·-

180 2212 418 2274 spiciendis
453 2217 498 2258 et
523 2219 737 2272 quantum
769 2214 883 2259 fieri·
908 2215 1057 2275 potuit
1091 2213 1425 2275 diligentissime
1459 2228 1564 2259 cum

180 2316 364 2377 vulgata
396 2315 615 2376 scriptura
651 2316 933 2361 conferendis
965 2317 1136 2364 factum
1169 2322 1251 2375 est,
1275 2322 1326 2362 ut
1356 2316 1415 2361 de
1444 2315 1562 2361 mul-

182 2419 238 2464 tis
271 2419 381 2464 locis
417 2418 578 2462 certius
621 2433 676 2462 ac
714 2419 860 2464 verius
896 2419 1093 2465 iudicare
1128 2434 1264 2481 posse
1295 2416 1404 2463 mihi
1432 2416 1563 2461 vide·-

185 2534 270 2567 rer.
349 2520 527 2566 Horum
570 2519 788 2564 librorum
830 2536 969 2579 quem
1012 2523 1171 2569 vocavi
1213 2521 1564 2567 Berolinenoem

182 2622 561 2685 primm‚1olim
592 2622 795 2669 Santenii
827 2622 939 2679 fuit,
983 2638 1040 2669 ex
1074 2625 1197 2669 cuius
1231 2623 1504 2669 bibliotheca
1536 2637 1564 2666 a

189 2726 347 2772 Diezio
375 2730 555 2785 emptus
588 2730 747 2786 postea
777 2724 909 2771 huius
938 2725 1019 2770 viri
1044 2726 1307 2772 liberalitate
1334 2727 1382 2773 in
1398 2723 1565 2771 biblio-
