1702 2982
160 247 162 250 ,
215 202 274 242 94
585 201 630 245 C.
665 202 989 246 SALLUSTI
1021 204 1239 249 CRISPI

183 316 399 361 2Deinde
454 318 632 377 utrique
681 320 803 364 curia
846 322 1151 382 egrediuntur.
1235 323 1426 370 Senatus
1469 326 1616 372 statim

219 415 477 459 consulitur.
560 415 779 461 Fautores
829 418 1085 479 legatorum
1107 454 1119 477 ,
1170 428 1407 481 praeterea
1451 438 1617 485 magna

220 527 326 572 pars
364 513 510 573 gratia
541 513 813 574 depravata,
849 516 1122 562 Adherbalis
1160 518 1281 563 dicta
1316 511 1616 580 contemnere,

219 609 468 670 Iugurthae
509 612 718 656 virtutem
765 614 981 658 extollere
1015 614 1247 670 laudibus3
1283 618 1452 677 gratia,
1488 634 1616 675 voce,

219 707 414 766 denique
452 709 657 753 omnibus
704 710 852 755 modis
897 726 983 771 pro
1021 711 1166 756 alieno
1201 714 1371 759 scelere
1406 722 1450 760 et
1484 717 1617 777 flagi-

183 806 282 853 3tio
300 841 314 863 ‚
351 821 431 850 sua
479 807 608 865 quasi
653 822 742 867 pro
784 808 954 869 gloria,
999 810 1268 856 nitebantur.
1347 812 1412 858 At
1463 820 1617 858 contra

308 969 340 1010 §-
365 967 401 1001 2.
450 979 586 1014 magna
606 979 694 1013 pars
725 970 851 1016 gratia
875 971 1088 1015 depravata]
1113 970 1201 1005 Ante
1225 971 1418 1007 Gruterum
1442 975 1617 1020 vulgaba-

215 1032 274 1062 tur
298 1041 314 1062 s
329 1041 378 1063 en
393 1035 503 1064 atus
532 1041 669 1075 magna
700 1042 787 1074 pars
811 1035 878 1067 etc.
926 1032 1021 1065 Eum
1052 1032 1087 1066 in
1123 1033 1327 1077 expellendo
1350 1041 1492 1070 senatus
1514 1047 1616 1071 voca-

191 1124 193 1126 ,
215 1090 304 1124 bulo
336 1094 430 1124 recte
463 1091 603 1126 Curtius
634 1093 767 1136 aliique
799 1092 909 1127 secuti
933 1098 1033 1135 sunt,
1059 1105 1168 1137 quum
1194 1094 1286 1128 absit
1309 1105 1330 1129 a
1362 1095 1488 1132 Nazar.
1512 1099 1616 1132 Rem.

178 1171 180 1174 >
215 1151 250 1186 1.
276 1151 374 1186 Leid.
399 1154 440 1186 A.
471 1152 515 1186 B.
547 1153 587 1187 G.
615 1154 660 1187 Κ.
692 1154 735 1189 N.
767 1154 912 1190 Balliol.
938 1155 981 1188 B.
1008 1155 1109 1188 Publ.
1148 1155 1313 1190 Arondel.
1338 1157 1429 1202 Reg.
1454 1159 1566 1193 Laud.
1583 1160 1618 1194 1.

214 1212 249 1246 2.
273 1213 308 1247 3.
332 1213 453 1247 Berol.
474 1213 508 1248 2.
534 1214 647 1248 Paris.
670 1215 706 1249 b.
729 1227 758 1249 c.
781 1215 916 1249 duobus
941 1215 1052 1250 Cortii
1071 1216 1170 1249 codd.
1195 1216 1384 1253 Praeterea
1405 1219 1525 1254 varius
1543 1221 1618 1256 eius

213 1274 332 1316 locus,
361 1274 491 1319 quippe
515 1274 550 1308 in
574 1275 605 1308 F
608 1276 681 1309 abr.
708 1276 741 1310 1.
776 1276 895 1310 Struv.
922 1276 1017 1310 Leid.
1042 1278 1086 1311 D.
1112 1278 1160 1311 11.
1185 1279 1236 1313 M.
1269 1284 1347 1322 post
1367 1291 1453 1324 pars
1475 1282 1617 1327 legitur,

212 1336 364 1370 ostendit
388 1336 629 1381 explicationis
662 1348 786 1381 caussa
808 1337 926 1371 versui
949 1338 1241 1381 superscriptum,
1271 1351 1378 1383 quam
1410 1352 1486 1375 rem
1510 1347 1618 1377 testa-

212 1401 272 1431 tur
303 1396 416 1430 Paris.
440 1409 485 1439 z.‚
521 1396 558 1431 in
590 1397 667 1442 ipsa
701 1398 856 1432 auctoris
887 1399 999 1432 verba
1030 1399 1222 1443 irrepsisse.
1271 1401 1373 1444 Quae
1402 1414 1618 1447 quamquam

213 1456 413 1492 certissima
434 1462 533 1502 sunt,
556 1457 609 1493 ita
633 1463 754 1492 tamen
781 1459 931 1493 fluctuat
957 1460 1140 1494 Gerlachii
1163 1461 1206 1494 de
1226 1462 1296 1495 hoc
1319 1464 1494 1498 vocabulo
1520 1465 1616 1498 iudi-

212 1518 320 1560 cium,
345 1523 396 1562 ut,
417 1520 541 1564 probet
573 1530 694 1561 necne,
726 1531 872 1563 prorsus
902 1520 1047 1555 nesciat.
1072 1541 1119 1547 —-
1143 1523 1214 1556 Pro
1248 1523 1444 1567 depravata
1478 1523 1618 1559 curtiu-

211 1591 255 1614 ex
278 1591 348 1614 uno
372 1580 449 1614 cod.
481 1581 589 1614 Fabr.
615 1580 652 1615 2.
688 1580 830 1624 scripsit
862 1581 1073 1625 depravati,
1099 1594 1295 1626 provocans
1319 1583 1364 1618 ad
1388 1595 1420 1618 c.
1444 1585 1537 1627 xlv,
1560 1584 1616 1620 15.

208 1652 323 1686 pars
354 1642 392 1675 in
416 1653 550 1676 crucem
575 1643 682 1683 acti,
703 1651 791 1686 pars
815 1641 933 1675 bestiis
956 1642 1136 1678 obiecti
1170 1650 1296 1687 sunt,
1321 1649 1356 1678 et
1377 1644 1421 1678 ad
1444 1645 1565 1690 LXVI,
1581 1646 1615 1680 4.

209 1713 325 1748 pars
356 1703 514 1738 edocti
538 1703 582 1736 ab
607 1703 810 1743 nobilitate,
833 1702 956 1744 Lvm,
979 1703 1013 1737 2.
1047 1716 1184 1751 magna
1227 1717 1340 1750 pars
1372 1706 1617 1742 volnerati

211 1768 277 1797 aut
300 1764 464 1806 occisi,
487 1764 614 1808 quibus
629 1763 717 1804 locis
736 1762 818 1798 addi
838 1767 984 1806 possunt
1004 1776 1095 1808 quae
1117 1766 1272 1810 plurima
1296 1766 1452 1800 eiusdem
1477 1768 1616 1812 generis

210 1825 386 1869 congessit
405 1825 671 1860 Drakenborch.
689 1825 734 1860 ad
755 1823 833 1858 Liv.
844 1824 988 1866 XXVII,
1001 1826 1034 1866 1,
1049 1826 1106 1861 12.
1131 1828 1253 1871 Quare
1268 1827 1372 1860 facile
1391 1827 1616 1863 concedimus

209 1885 418 1920 Sallustium
442 1886 493 1920 ita
510 1887 664 1921 scribere
687 1885 863 1931 potuisse3
885 1885 945 1919 sed
973 1897 1080 1929 quum
1103 1888 1254 1932 vulgata
1276 1888 1388 1931 proba
1412 1887 1480 1931 sit,
1507 1901 1615 1924 uuum

208 1947 341 1981 librum
365 1947 464 1991 sequi
486 1947 714 1983 temerarium
731 1948 834 1984 foret.
869 1948 987 1982 Minus
1006 1947 1102 1982 valet
1125 1946 1312 1981 Gerlachii
1331 1948 1437 1995 ratio¹
1454 1951 1616 1992 fautores

209 2020 279 2042 non
299 2008 369 2043 dici
390 2009 622 2054 depravatos,·
646 2021 710 2054 per
727 2020 765 2044 se
785 2010 878 2043 enim
895 2009 986 2043 nihil
1000 2010 1128 2052 obstat,
1157 2007 1344 2051 quominus
1365 2008 1472 2043 etiam
1490 2009 1614 2054 depra-

209 2071 288 2104 vati
303 2070 348 2104 ad
368 2075 546 2104 senatores
564 2071 751 2112 referatur,
778 2083 888 2115 quum
907 2083 949 2106 ex
971 2069 1088 2104 verbis
1112 2074 1253 2104 senatus
1276 2069 1396 2103 statim
1416 2070 1615 2114 consulitur,

210 2133 246 2166 et
265 2131 420 2166 fautores
444 2135 478 2166 et
496 2130 614 2176 gratia
630 2132 839 2176 depravatos
862 2133 900 2167 in
924 2137 1050 2167 senatu
1069 2130 1175 2165 fuisse
1191 2133 1378 2175 pateat.—
1392 2131 1616 2167 Contemnere

210 2192 250 2226 h.
274 2192 299 2226 l.
323 2202 392 2225 nou
417 2192 459 2226 de
482 2204 585 2227 sensu
610 2197 830 2237 contemptus
854 2193 1122 2239 intelligendum
1146 2194 1210 2234 est,
1234 2191 1294 2224 sed
1318 2191 1496 2237 significat
1518 2203 1614 2227 ver—

211 2253 286 2287 bis
316 2253 571 2289 declarare
603 2265 708 2300 quam
741 2255 830 2289 vilia
863 2255 1072 2289 Adherbalis
1107 2253 1204 2287 dicta
1237 2252 1429 2296 haberent,
1461 2253 1498 2288 id
1521 2254 1614 2298 quod

211 2316 308 2358 patet
340 2325 382 2347 ex
410 2315 570 2358 opposito
602 2316 765 2350 extollere
800 2315 976 2350 laudibus.
1029 2316 1120 2359 Apte
1150 2314 1270 2348 Faber
1296 2314 1443 2350 contulit
1472 2314 1547 2349 Cic.
1577 2327 1614 2359 p.

211 2376 308 2410 Mur.
324 2374 359 2419 7,
379 2374 437 2410 15.
474 2375 812 2421 contempsisti
835 2376 877 2410 L.
909 2377 1079 2413 Murenae
1102 2387 1235 2422 genus,
1258 2376 1479 2411 extulisti
1502 2381 1612 2411 tuum.

212 2436 263 2472 id.
285 2437 329 2471 de
353 2437 453 2473 Orat.
475 2437 538 2478 111,
561 2436 620 2479 16,
646 2436 704 2471 59.
753 2437 893 2472 Inventi
915 2443 1006 2480 sunt,
1032 2438 1091 2482 qui
1114 2438 1205 2471 hanc
1231 2437 1370 2471 dicendi
1393 2437 1615 2471 exercitatio-

213 2509 294 2533 nem
318 2498 545 2542 exagitarent
569 2502 675 2541 utque
698 2503 1018 2532 contemneren
1031 2499 1194 2534 t.—Pr0
1212 2498 1412 2532 nitebantur
1433 2496 1471 2530 in
1491 2497 1610 2530 Guelf.

213 2560 272 2594 11.
299 2571 341 2593 ex
364 2557 633 2602 interpolatione
663 2557 835 2601 scriptum
858 2561 910 2592 est
941 2558 1032 2599 niti,
1065 2558 1201 2593 scilicet
1233 2563 1271 2592 ut
1292 2561 1467 2591 structura
1490 2558 1612 2591 eadem

213 2622 396 2661 maneret3
430 2618 491 2654 sed
522 2629 557 2652 v.
583 2619 628 2653 ad
662 2618 739 2654 Cat.
763 2619 862 2662 XVI,
887 2618 921 2652 2.
954 2629 991 2662 p.
1014 2617 1073 2654 79.
1097 2620 1174 2664 lug.
1199 2619 1322 2662 XXX,
1346 2619 1381 2654 3.
1407 2619 1553 2661 XXXII,
1576 2618 1611 2653 3.

213 2681 341 2724 XLlll,
365 2681 400 2714 4.

307 2743 341 2783 ἓ.
367 2741 448 2775 3-—
466 2739 500 2775 5.
549 2743 588 2773 at
619 2739 762 2782 contra]
798 2739 876 2772 Has
907 2738 1099 2783 particulas
1132 2739 1334 2773 coniunctas
1366 2739 1438 2773 iam
1460 2739 1612 2784 legimus

215 2800 291 2835 Cat.
317 2812 348 2835 c.
372 2801 459 2843 XII,
484 2801 518 2836 5.
567 2801 698 2835 Contra
720 2803 839 2834 autem
861 2799 1058 2834 accuratius
1081 2799 1265 2844 designare
1297 2799 1371 2834 vim
1395 2804 1434 2834 at
1458 2798 1612 2842 particu-
