1702 2982
222 184 280 224 84
594 180 1002 223 C.SALLUST1
1030 181 1246 224 CRISPI

158 299 208 339 16
221 297 476 357 graviorem
507 297 645 342 vitam
678 297 873 358 exigunt.
946 297 996 342 Si
1020 298 1192 355 omnia,
1230 305 1445 357 quae‘aut
1478 300 1621 359 amisi,

223 399 300 438 aut
329 409 384 439 ex
414 395 674 439 necessariis
717 394 910 439 advorsa
939 395 1060 439 facta
1088 401 1210 451 sunt,
1256 396 1494 441 incolumia
1522 412 1623 441 ma-

221 498 400 547 nerent,
436 497 612 548 tamen,
658 493 694 536 si
722 491 831 550 quid
868 507 923 536 ex
955 492 1199 553 improviso
1242 493 1505 551 accidisset,
1541 509 1619 539 vos·

220 589 533 650 implorarem,
569 589 727 634 Patres
761 589 1030 649 conscripti,
1077 590 1239 649 quibus
1278 605 1365 651 pro
1394 592 1621 652 maguitu-

221 686 324 730 dine
360 687 521 747 imperi
563 686 629 731 ius
676 692 720 730 et
754 686 932 730 iniurias
976 687 1118 731 omnis
1158 701 1291 731 curae
1335 703 1431 732 esse
1475 687 1618 734 dedet.

155 788 204 827 17
220 783 350 828 Nunc
393 798 500 828 vero
541 784 664 829 exsul
694 783 862 844 patria,
899 782 1064 840 domo,
1100 785 1219 829 solus
1256 790 1391 846 atque
1419 786 1618 831 omnium

215 956 384 992 brevibus
404 968 485 992 eum
510 957 628 992 incisis
651 958 724 998 uti,
759 970 866 1003 quam
898 959 934 993 id
958 957 1193 992 enunciationi
1226 969 1452 1004 praegressae
1475 960 1619 995 subiun-

214 1030 313 1064 gere,
339 1018 431 1062 quod
454 1030 517 1062 per
540 1031 577 1053 se
600 1030 669 1053 nou
693 1022 878 1054 commode
901 1019 1145 1054 secundarium
1170 1013 1290 1053 locum
1313 1019 1472 1054 obtinere
1494 1025 1618 1065 potest.

213 1079 349 1112 Eadem
373 1079 416 1113 de
440 1091 565 1114 caussa
587 1081 739 1115 alterum
765 1086 815 1115 est
839 1085 916 1125 post
940 1087 1109 1123 necatus,
1138 1080 1232 1124 quod
1255 1080 1351 1114 solue
1374 1081 1526 1119 Merseb.
1551 1081 1619 1116 Ri-

214 1139 267 1174 vii
297 1150 366 1174 non
397 1141 524 1184 habet,
565 1140 808 1182 retinendum3
854 1141 994 1176 Cottius
1033 1153 1097 1186 pro
1137 1150 1326 1176 more‘suo
1359 1142 1552 1179 deleverat.
1571 1163 1618 1170 —

211 1201 310 1235 Idem
335 1207 398 1236 aut
421 1206 500 1246 post
523 1213 656 1247 agam,
695 1213 764 1236 uno
788 1201 884 1236 nisus
918 1202 1035 1236 Guelf.
1060 1203 1094 1240 6.
1120 1203 1242 1246 eiecit,
1276 1202 1412 1238 scilicet
1442 1207 1480 1238 ut
1503 1204 1617 1239 oratio

212 1262 392 1297 ardentior
417 1263 529 1297 fieret.
579 1263 790 1297 Gerlachius
822 1263 858 1297 in
890 1264 944 1297 ed,
969 1262 1054 1297 mai.
1079 1263 1185 1298 tacite
1218 1274 1300 1298 eum
1330 1267 1468 1298 secutus
1492 1265 1529 1298 in
1553 1275 1617 1299 no-

213 1323 358 1357 vissima
380 1323 594 1367 particulam
618 1324 780 1358 restituit.
804 1343 849 1350 —
873 1324 913 1358 In
936 1324 1054 1358 verbis
1080 1336 1180 1369 quem
1208 1325 1361 1359 minume
1385 1325 1501 1360 decuit
1523 1326 1616 1360 rela-

212 1383 326 1418 tivum
349 1388 484 1428 spectat
508 1385 553 1419 ad
578 1385 746 1419 omissum
771 1385 824 1427 is,
849 1385 906 1419 cui
930 1385 1168 1420 enunciationi
1191 1396 1271 1418 cum
1296 1385 1333 1419 vi
1359 1390 1527 1430 tanquam
1552 1398 1618 1431 up-

210 1443 338 1488 positio
365 1443 575 1487 subiicitur,
598 1446 827 1490 propinquus.
848 1465 896 1471 —-
919 1446 1004 1480 Post
1030 1452 1162 1481 ceteros
1185 1445 1345 1490 plerique
1370 1459 1491 1481 omues
1515 1448 1614 1483 codd.

212 1505 345 1540 addunt
370 1517 485 1546 meon
502 1502 576 1539 'sed
609 1517 720 1549 quum
745 1507 850 1540 valde
873 1507 1042 1552 langueat
1064 1511 1100 1542 et
1123 1518 1145 1542 a
1168 1506 1282 1542 vatic.
1305 1507 1348 1541 A.
1373 1507 1476 1550 absit,
1501 1507 1617 1542 delere

207 1578 277 1601 non
301 1567 553 1602 dubitavimus.
601 1566 774 1601 Similiter
797 1567 920 1610 paullo
943 1571 1024 1602 ante
1046 1578 1109 1612 pro
1133 1567 1273 1613 generis
1295 1566 1334 1600 in
1359 1567 1478 1602 Leidd.
1500 1569 1544 1605 D.
1571 1569 1615 1604 F.

207 1628 253 1662 K.
277 1632 313 1662 et
335 1629 454 1662 Guelf.
481 1628 514 1662 2.
538 1628 709 1671 scriptum
733 1632 787 1662 est
808 1639 892 1674 gen.
926 1629 1024 1665 mei.
1043 1649 1090 1655 —
1125 1630 1215 1663 Sunt
1239 1631 1320 1672 post
1342 1628 1490 1673 obiecti,
1521 1629 1614 1672 quod

206 1689 243 1723 in
266 1689 376 1723 Fabr.
400 1689 434 1724 1.
461 1693 541 1723 ante
565 1689 791 1734 participium
817 1691 972 1735 legitur,
1005 1694 1039 1725 et
1071 1701 1094 1725 a
1117 1689 1214 1724 Leid.
1250 1689 1290 1724 C.
1314 1689 1435 1731 abest,
1471 1689 1613 1724 Cottius

205 1750 385 1797 expunxit.
433 1750 531 1784 Idem
564 1750 654 1784 nihil
690 1749 823 1784 monito
856 1750 988 1784 lectore
1021 1757 1073 1786 est
1094 1755 1174 1795 post
1195 1750 1340 1792 relicta,
1377 1750 1468 1792 quod
1492 1761 1612 1785 omnes

205 1813 305 1846 codd.
338 1816 474 1854 tenent,
508 1810 638 1855 omisit.
665 1831 708 1836 —
747 1811 830 1845 Cum
864 1811 1130 1855 praepositionis
1167 1809 1309 1844 neusin
1334 1810 1398 1845 tali
1423 1814 1610 1854 structura,

204 1873 320 1917 qualis
363 1878 416 1907 est
448 1883 546 1906 cum
576 1882 781 1906 moerore
819 1878 865 1907 et
899 1875 1029 1908 luctu
1063 1872 1174 1906 vitam
1199 1871 1362 1915 exigere,
1397 1871 1482 1906 satis
1506 1872 1611 1909 tritus

206 1937 280 1976 est,
302 1944 521 1978 quamquam
544 1945 609 1978 per
633 1944 670 1967 se
693 1945 761 1967 uon
786 1934 948 1979 elegans,
980 1938 1020 1969 ut
1052 1932 1191 1968 Cortius
1223 1931 1405 1976 praecipit.
1453 1933 1611 1969 Contulit

204 1995 267 2029 ille
289 1996 407 2029 Plaut.
430 1995 525 2028 Rud.
549 1995 646 2028 Prol.
673 2005 706 2027 v,
730 1994 789 2030 29.
813 1995 910 2030 Coei.
935 1995 971 2030 in
995 1994 1068 2031 Cic.
1099 1995 1188 2038 Epp.
1206 1993 1251 2027 ad
1271 1993 1411 2028 anm.
1436 1993 1528 2035 Vlll,
1549 1994 1607 2037 14,

204 2056 240 2090 9.
264 2067 298 2090 v.
321 2057 460 2098 Zumpt.
487 2055 651 2089 Gramm.
679 2055 756 2090 Lat.
789 2059 822 2098 §.
845 2056 903 2098 74,
930 2056 987 2091 11.
1020 2068 1056 2100 p.
1079 2054 1160 2090 362.
1194 2054 1247 2088 ed.
1270 2053 1330 2088 lv,
1364 2057 1399 2088 et
1437 2065 1530 2098 quae
1553 2054 1608 2089 in-

204 2117 263 2151 fra
285 2116 488 2151 notavimus
521 2115 566 2150 ad
598 2127 628 2148 c.
652 2115 750 2158 Llll,
783 2117 817 2151 7.
852 2118 970 2152 Hand.
1006 2117 1050 2150 de
1083 2115 1240 2151 Particc.
1273 2115 1377 2149 batt:
1392 2115 1471 2150 Vol.
1500 2115 1545 2150 11.
1569 2128 1607 2160 p.

203 2176 275 2212 153
293 2189 367 2221 sqq.
421 2177 538 2211 Vitam
574 2176 774 2222 exigere
807 2178 948 2213 Cottius
980 2178 1025 2212 ad
1059 2178 1098 2213 h.
1122 2178 1146 2211 l.
1170 2180 1204 2211 et
1227 2176 1413 2210 Ruhnken.
1449 2176 1495 2210 ad
1519 2176 1604 2211 Ter.

202 2237 395 2280 Heaut.11,
418 2236 452 2279 3,
475 2237 533 2271 39.
558 2237 690 2272 dietum
715 2242 855 2273 censent
877 2250 942 2283 pro
967 2238 1120 2283 simplici
1144 2249 1253 2283 agere
1278 2237 1333 2271 tel
1357 2237 1513 2283 ἄρξει-8,·
1544 2237 1606 2272 sed

203 2298 366 2334 omuibus
395 2299 469 2332 fere
503 2298 590 2332 locis
617 2299 758 2344 exigere
786 2300 989 2334 adiunctam
1017 2300 1126 2334 habet
1153 2297 1330 2333 notionem
1355 2299 1604 2343 longinqui

202 2361 378 2406 temporis,
400 2359 576 2394 interdum
592 2371 662 2394 non
681 2359 755 2394 sine
772 2359 947 2403 molestia,
973 2362 1108 2406 exple
1119 2373 1143 2394 π
1154 2361 1178 2395 d
1193 2361 1206 2394 i
1214 2372 1228 2401 ;
1252 2359 1298 2394 cf,
1310 2371 1341 2392 c.
1358 2358 1602 2402 Lxxxv,5o.

295 2423 329 2464 §-
351 2419 409 2455 16.
457 2432 548 2464 quae
580 2432 621 2455 ex·
656 2422 862 2457 necessariis
895 2422 1048 2457 advorsa
1074 2426 1180 2467 facta
1202 2421 1297 2464 sunt]
1320 2420 1420 2454 naec
1444 2419 1603 2466 Longius

202 2484 238 2516 et
258 2481 451 2516 Muellerus
470 2481 520 2516 ita
548 2481 774 2527 intelligunt:
809 2495 899 2528 quae
923 2484 1009 2518 mihi
1032 2495 1073 2518 ex
1097 2487 1326 2529 cognatorum
1351 2484 1387 2514 et
1409 2481 1601 2515 amicorum

200 2543 301 2577 clade
332 2542 552 2584 acciderunt,
586 2542 644 2576 cui
676 2543 729 2577 rei
763 2544 952 2578 verborum
991 2545 1083 2578 ratio
1119 2548 1153 2579 et
1186 2541 1323 2577 dicendi
1361 2552 1445 2575 usus
1470 2541 1596 2576 obstat.

198 2603 346 2638 Acutius
368 2603 458 2638 vidit
477 2601 638 2646 Cortius,
661 2614 769 2647 quem
793 2615 913 2638 omnes
936 2614 1072 2639 errasse
1094 2607 1260 2651 arguunt,
1284 2602 1489 2637 necessariis
1512 2613 1598 2637 neu-

198 2667 253 2699 tro
276 2675 405 2710 genere
425 2664 579 2709 positum
603 2675 690 2707 esse,
715 2669 754 2700 ut
771 2664 1014 2709 praedicatum
1030 2666 1125 2700 clare
1148 2663 1308 2700 ostendit.
1354 2661 1454 2696 Licet
1477 2666 1597 2696 autem

197 2725 306 2759 verba
328 2725 489 2771 generali
510 2737 612 2760 seusu
637 2737 758 2761 omnes
780 2725 993 2761 Adherbalis
1019 2727 1193 2770 rationes,
1218 2738 1309 2771 quae
1332 2722 1387 2757 illi
1410 2734 1492 2757 cum
1516 2722 1597 2758 alii·

195 2790 314 2830 erant,
348 2787 535 2832 complecti
568 2786 770 2828 videantur,
804 2790 920 2822 tamen
957 2785 1106 2822 dubium
1130 2796 1198 2819 non
1221 2789 1295 2828 est,
1327 2783 1412 2828 quin
1436 2783 1591 2819 maxime
