1716 2996
221 179 309 221 586
597 173 646 221 G.
675 172 1007 220 SALLUSTI
1037 174 1258 221 CRISPI

362 292 487 341 CIX.
540 292 686 354 Igitur
721 291 849 339 Sulla
883 294 1144 356 respondit,
1185 309 1335 358 pauca
1367 310 1418 343 se
1460 311 1617 345 eorum

221 392 401 453 Aspare
444 391 726 447 locuturum3
783 397 935 438 cetera
985 393 1187 454 occulte,
1244 399 1322 438 aut
1367 393 1494 440 nullo
1540 402 1617 443 aut

222 507 362 552 quam
396 489 692 551 paucissumis
726 491 1063 552 praesentibus3
1108 490 1239 537 simul
1272 490 1458 552 edocet,
1501 509 1618 554 quae

181 599 209 638 2
222 589 307 635 sibi
340 587 738 655 responderentur.
809 588 1059 649 Postquam
1094 590 1224 635 sicuti
1262 590 1466 660 voluerat
1503 607 1618 638 con—

218 687 392 749 gressi,
431 685 540 731 dicit
579 701 628 730 se
662 686 848 731 missum
881 702 911 732 a
942 687 1127 732 consule
1158 689 1332 734 venisse
1366 689 1617 748 quaesitum

181 786 279 830 3ab
316 800 387 843 eo,
421 799 584 845 pacem
620 799 678 829 an
711 785 881 829 bellum
917 785 1163 846 agitaturus
1198 786 1331 832 foret.
1365 787 1489 835 Tum
1521 804 1618 849 rex,
1661 838 1665 849 Ι

217 885 282 929 uti
326 887 627 945 praeceptum
665 881 840 943 fuerat,
889 888 995 944 post
1043 884 1165 930 diem
1204 884 1431 932 decimum
1465 882 1616 933 redire

214 1007 376 1044 Attinere
401 1008 454 1041 est
477 1003 578 1050 quasi
601 1003 646 1040 ad
669 1014 707 1039 se
732 999 923 1041 attractum
945 1008 1085 1049 tenere,
1116 1008 1175 1042 vel
1197 1007 1370 1050 retinen-03
1393 1007 1439 1043 cf.
1466 1007 1612 1059 Fragras.

213 1069 367 1118 Histoi-r.
391 1069 420 1111 1,
443 1067 501 1109 19,
525 1066 583 1102 16.
624 1066 695 1110 Ne,
718 1067 852 1112 inquies
875 1067 961 1112 ipse,
984 1078 1046 1102 nos
1068 1067 1108 1102 in
1129 1069 1363 1104 sollicitudine
1386 1069 1613 1104 attineat.

212 1129 428 1174 Saepissime
460 1129 612 1163 verbum
645 1139 668 1163 a
698 1127 831 1164 Tacito
862 1131 1080 1173 usurpatum
1111 1139 1146 1162 v.
1178 1129 1396 1164 Boetticheri
1418 1130 1502 1165 Lex.
1525 1130 1614 1166 Tac.

211 1206 250 1239 p.
274 1191 323 1226 46
345 1203 397 1236 sq.
422 1208 466 1217 -
499 1190 555 1223 De
586 1189 706 1223 verbis
738 1201 835 1224 cum
869 1190 987 1224 animo
1018 1190 1209 1226 volvere
1236 1202 1273 1226 v.
1305 1194 1472 1226 annotata
1502 1192 1548 1226 ad
1580 1204 1614 1228 c.

211 1254 280 1298 VI,
304 1253 340 1287 2.
365 1264 400 1297 p.
423 1250 485 1288 38.
507 1253 544 1285 et
565 1250 612 1285 ad
635 1262 666 1285 c.
688 1251 762 1292 xl,
785 1249 821 1283 8.
847 1261 883 1293 p.
906 1249 965 1284 60.
989 1268 1038 1276 --
1071 1252 1127 1285 De
1149 1263 1196 1285 an
1217 1253 1394 1297 particula
1415 1263 1451 1288 v.
1474 1251 1613 1289 docum

210 1314 347 1351 Handii
369 1311 642 1358 disputationem
663 1311 701 1346 iu
723 1311 877 1346 Purticc.
901 1311 995 1346 Latt.
1017 1311 1098 1346 Vol.
1121 1311 1152 1348 1.
1178 1323 1210 1356 p.
1233 1312 1305 1347 307
1327 1325 1401 1358 sqq.

305 1376 338 1416 §.
371 1372 406 1407 1.
444 1373 646 1417 respondit]
694 1373 776 1407 Hoc
797 1372 947 1416 verbum
969 1372 1067 1407 deest
1087 1372 1125 1407 in
1150 1373 1269 1409 ouem.
1295 1374 1328 1408 1.
1351 1375 1462 1409 Acad.
1484 1374 1613 1410 Frena.

210 1434 325 1471 Paris.
347 1434 416 1479 A„
448 1422 524 1469 uuo
551 1433 665 1476 Rivii,
696 1433 780 1468 Sen.
812 1433 848 1468 2.
879 1434 1008 1468 Reuss.
1034 1434 1156 1469 Goerl.
1178 1435 1298 1475 Bel-ol,
1321 1434 1355 1468 1.
1378 1434 1414 1470 2.
1437 1435 1550 1471 Paris.
1573 1437 1612 1473 b.

209 1500 246 1531 et
269 1495 369 1540 inter¹
386 1506 510 1530 versus
534 1498 716 1540 comparet
738 1494 776 1529 iu
801 1495 908 1530 Μαι-1(
931 1497 974 1531 Γ.
1021 1496 1075 1530 Eo
1106 1494 1259 1540 permoti
1286 1494 1426 1541 Cottius
1453 1499 1490 1531 et
1520 1497 1612 1532 Ger-

208 1557 352 1593 lachius
374 1556 564 1592 eiecerunt.
611 1556 681 1592 Sed
708 1567 926 1601 quamquam
952 1567 1023 1591 non
1055 1556 1132 1591 siue
1162 1556 1284 1602 eliqua
1314 1555 1392 1591 veri
1425 1557 1545 1602 specie
1573 1557 1612 1593 id

208 1619 336 1654 feci-se
357 1617 542 1661 videntur,
574 1620 695 1653 tamen
716 1618 882 1662 loquendi
904 1629 987 1652 usus
1011 1618 1188 1662 postulat,
1221 1621 1263 1654 ut
1287 1618 1436 1653 verbum
1458 1619 1612 1654 retinea-

209 1684 291 1724 tur-3
315 1691 351 1715 v.
375 1680 421 1715 ad
444 1678 602 1715 Cati1.c.
628 1679 791 1721 XXXIV,
815 1679 848 1713 1.
873 1679 1016 1725 adlug.
1041 1679 1115 1722 cll,
1137 1678 1196 1714 1⁰.
1221 1700 1270 1707 -
1291 1679 1439 1715 Rectius
1462 1683 1611 1726 egerunt

207 1742 246 1777 iu
277 1741 484 1803 pronomine
514 1752 550 1776 se
589 1740 813 1784 expellendo,
856 1740 949 1791 quod
982 1741 1091 1785 vulgo
1126 1742 1208 1774 ante
1241 1741 1435 1776 locuturum
1457 1742 1609 1787 legitur.

205 1803 301 1840 Nam
325 1787 409 1848 quin
431 1815 454 1838 a
476 1801 601 1838 scribis
623 1801 669 1837 sit
687 1798 845 1843 illatum,
876 1801 937 1836 vix
959 1800 1115 1836 dubitari
1137 1803 1270 1847 potest,
1303 1814 1413 1846 quum
1441 1813 1464 1838 a
1488 1803 1607 1838 Guelr.

206 1865 264 1902 10.
289 1865 416 1899 anc.
439 1864 552 1900 Laud.
574 1864 609 1898 2.
633 1862 681 1906 3.‚
706 1874 776 1897 uno
800 1862 920 1906 Rivii,
950 1862 1071 1912 Goerl.
1092 1862 1205 1897 Paris.
1229 1863 1263 1899 b.
1289 1866 1325 1898 et
1347 1864 1404 1899 ed.
1427 1863 1548 1899 Venet.
1572 1875 1605 1899 a.

206 1925 313 1962 1470.
343 1925 456 1967 absit,
482 1925 520 1959 in
551 1923 664 1960 Paris.
695 1935 725 1957 e.
755 1927 836 1968 post
866 1924 1065 1968 respondit,
1097 1923 1135 1958 in
1166 1924 1287 1959 Berol.
1319 1924 1355 1961 1.
1385 1925 1420 1960 2.
1444 1928 1479 1960 et
1500 1925 1605 1962 Minu.

206 1991 288 2032 post
317 1998 435 2032 pauca
466 1987 620 2033 legatur.
674 1986 728 2020 De
761 1983 897 2029 ellipsis
929 1996 995 2019 usu
1025 1987 1061 2020 et
1091 1985 1243 2029 ratione,
1264 1986 1392 2021 scribis
1411 1985 1546 2032 ignota,
1570 1998 1604 2022 v.

207 2048 255 2085 ad
277 2061 309 2083 c.
334 2048 438 2091 xlv,
468 2048 504 2083 3.
528 2052 564 2083 ot
585 2046 746 2088 LXXVI,
770 2046 804 2080 1.
832 2065 879 2072 —
911 2046 1007 2090 Sibi,
1040 2046 1133 2090 quod
1166 2047 1337 2082 Gruterus
1368 2048 1509 2090 omisit,
1536 2059 1606 2083 nou

207 2113 344 2146 constat
366 2113 488 2145 utrum
510 2097 609 2144 codd.
635 2107 857 2151 auctoritate,
881 2119 1002 2150 necne,
1025 2107 1061 2142 iu
1084 2107 1208 2142 ceteris
1230 2108 1394 2143 omnibus
1415 2111 1607 2153 comperet,

207 2184 318 2218 quare
341 2184 412 2207 non
435 2175 497 2214 est,
520 2183 584 2206 cur
606 2170 796 2213 deleamus,
820 2170 914 2214 quod
934 2169 1074 2204 Cor-tius
1095 2173 1131 2204 et
1151 2169 1366 2205 Gerlachius
1385 2170 1421 2205 in
1443 2170 1498 2208 ed.
1520 2171 1604 2206 mai.

206 2235 377 2269 fecerunt.
411 2252 456 2260 —
491 2234 544 2268 De
574 2231 798 2267 coniunctim
832 2230 1032 2282 imperfecti
1062 2241 1106 2264 ex
1139 2231 1260 2267 edocet
1291 2232 1460 2276 pendente
1490 2242 1528 2266 v.
1557 2232 1605 2267 ad

206 2296 287 2330 Cat.
311 2307 342 2329 c.
365 2295 527 2338 XXXIV,
553 2294 588 2328 1.
613 2305 649 2338 p.
672 2292 754 2328 157.
789 2292 920 2327 Male
908 2304 946 2326 m
968 2291 1144 2327 nonnullis
1167 2292 1280 2357 Cottii
1300 2291 1402 2327 libris
1425 2293 1472 2333 ab
1493 2291 1603 2328 inter-

206 2356 430 2401 polatoribus
450 2356 620 2401 scriptum
649 2355 940 2400 respondeantur.

301 2417 337 2462 §.
368 2417 403 2451 2.
437 2418 540 2453 εἰσαεὶ
562 2417 747 2461 voluerat]
800 2416 968 2450 voluerat
998 2425 1041 2448 ex
1072 2413 1170 2449 haud
1191 2413 1314 2459 paucis
1338 2414 1438 2450 codd.
1461 2412 1602 2449 Cottius

206 2481 304 2514 recte
337 2478 480 2522 scripsit
511 2490 578 2523 pro
608 2479 805 2520 voluerant,
839 2476 933 2521 quod
965 2474 1073 2509 ceteri
1102 2477 1241 2518 tenent3
1273 2475 1375 2511 Sulla.
1396 2474 1490 2509 euim
1513 2474 1599 2519 ipse,

206 2551 230 2576 u
253 2539 404 2574 Boccho
426 2542 574 2584 rogatus
605 2539 656 2583 (v.
682 2551 714 2574 c.
738 2537 869 2580 cv111,
891 2537 968 2582 2.),
999 2535 1167 2581 colloquii
1197 2537 1340 2572 modum
1363 2534 1600 2572 constituerat.

206 2599 308 2637 Nihil
332 2600 407 2646 egit
429 2599 540 2646 igitur
562 2599 737 2644 Longius,
763 2599 823 2642 qui
846 2599 1030 2633 voluerant
1053 2597 1226 2638 defendit,
1248 2596 1496 2642 interpretatus
1517 2608 1600 2631 coa·
1672 2627 1675 2635 ,

207 2667 390 2705 venerant,
423 2660 516 2706 quod
531 2710 532 2714 Ἰ
547 2671 659 2704 neque
681 2659 848 2694 Latinum
873 2661 936 2703 est,
969 2661 1004 2693 et
1035 2668 1116 2693 eum
1144 2656 1197 2691 rei
1219 2660 1341 2702 gestae
1362 2656 1512 2692 veritate
1533 2668 1598 2701 pu-

206 2726 306 2768 gnat.
329 2741 374 2749 —
398 2723 609 2768 Agitaturus
633 2721 763 2756 rectius
785 2720 960 2754 vocabulo
979 2730 1111 2764 pacem,
1133 2729 1242 2763 quam
1265 2719 1391 2753 bellum
1413 2717 1599 2753 convenire
1654 2760 1658 2765 Ι

206 2783 283 2820 iam
305 2783 459 2824 diximus
482 2783 528 2820 ud
550 2794 582 2818 c.
604 2781 676 2827 LV,
698 2780 733 2816 8.
780 2781 917 2816 Tamen
939 2783 1116 2817 structum
1137 2778 1200 2814 vix
1220 2779 1265 2814 ud
1287 2777 1484 2824 zeugmatis
1503 2777 1596 2814 inso-
