<?xml version="1.0" encoding="UTF-8"?>
<!DOCTYPE html PUBLIC "-//W3C//DTD XHTML 1.0 Transitional//EN"
    "http://www.w3.org/TR/xhtml1/DTD/xhtml1-transitional.dtd">
<html xmlns="http://www.w3.org/1999/xhtml" xml:lang="en" lang="en">
 <head>
  <title>
</title>
<meta http-equiv="Content-Type" content="text/html;charset=utf-8" />
  <meta name='ocr-system' content='tesseract 3.04.00' />
  <meta name='ocr-capabilities' content='ocr_page ocr_carea ocr_par ocr_line ocrx_word'/>
</head>
<body>
  <div class='ocr_page' id='page_1' title='image "./operaquaesupersu02salluoft/operaquaesupersu02salluoft_0138.png"; bbox 0 0 1702 2982; ppageno 0'>
   <div class='ocr_carea' id='block_1_1' title="bbox 174 187 1208 234">
    <p class='ocr_par' dir='ltr' id='par_1_1' title="bbox 174 187 1208 234">
     <span class='ocr_line' id='line_1_1' title="bbox 174 187 1208 234; baseline -0.003 0"><span class='ocrx_word' id='word_1_1' title='bbox 174 195 258 234; x_wconf 84' lang='lat'>116</span> <span class='ocrx_word' id='word_1_2' title='bbox 547 189 593 231; x_wconf 93' lang='lat' dir='ltr'>C.</span> <span class='ocrx_word' id='word_1_3' title='bbox 625 187 956 232; x_wconf 86' lang='lat' dir='ltr'>SALLUSTI</span> <span class='ocrx_word' id='word_1_4' title='bbox 985 187 1208 231; x_wconf 86' lang='lat' dir='ltr'>CRISPI</span> 
     </span>
    </p>
   </div>
   <div class='ocr_carea' id='block_1_2' title="bbox 110 282 1571 567">
    <p class='ocr_par' dir='ltr' id='par_1_2' title="bbox 110 282 1571 567">
     <span class='ocr_line' id='line_1_2' title="bbox 110 282 1568 371; baseline -0.001 -20"><span class='ocrx_word' id='word_1_5' title='bbox 110 313 161 352; x_wconf 83' lang='lat'>12</span> <span class='ocrx_word' id='word_1_6' title='bbox 173 307 497 368; x_wconf 86' lang='lat' dir='ltr'>Carthaginem</span> <span class='ocrx_word' id='word_1_7' title='bbox 538 282 752 351; x_wconf 83' lang='lat' dir='ltr'>Numidia</span> <span class='ocrx_word' id='word_1_8' title='bbox 795 307 1063 367; x_wconf 84' lang='lat' dir='ltr'>appellatur.</span> <span class='ocrx_word' id='word_1_9' title='bbox 1143 304 1321 371; x_wconf 84' lang='lat' dir='ltr'>Deinde</span> <span class='ocrx_word' id='word_1_10' title='bbox 1369 305 1568 364; x_wconf 84' lang='lat' dir='ltr'>utrique,</span> 
     </span>
     <span class='ocr_line' id='line_1_3' title="bbox 172 385 1567 463; baseline -0.002 -15"><span class='ocrx_word' id='word_1_11' title='bbox 172 405 320 449; x_wconf 78' lang='lat' dir='ltr'>alteris</span> <span class='ocrx_word' id='word_1_12' title='bbox 354 403 480 463; x_wconf 86' lang='lat' dir='ltr'>freti,</span> <span class='ocrx_word' id='word_1_13' title='bbox 514 404 738 449; x_wconf 89' lang='lat' dir='ltr'>finitumos</span> <span class='ocrx_word' id='word_1_14' title='bbox 775 404 908 448; x_wconf 81' lang='lat' dir='ltr'>armis</span> <span class='ocrx_word' id='word_1_15' title='bbox 945 385 1021 447; x_wconf 86' lang='lat' dir='ltr'>aut</span> <span class='ocrx_word' id='word_1_16' title='bbox 1056 409 1180 446; x_wconf 91' lang='lat' dir='ltr'>metu</span> <span class='ocrx_word' id='word_1_17' title='bbox 1215 401 1298 447; x_wconf 87' lang='lat' dir='ltr'>sub</span> <span class='ocrx_word' id='word_1_18' title='bbox 1328 401 1567 461; x_wconf 83' lang='lat' dir='ltr'>imperium</span> 
     </span>
     <span class='ocr_line' id='line_1_4' title="bbox 172 498 1571 567; baseline -0.003 -20"><span class='ocrx_word' id='word_1_19' title='bbox 172 517 301 547; x_wconf 87' lang='lat' dir='ltr'>suum</span> <span class='ocrx_word' id='word_1_20' title='bbox 353 511 574 562; x_wconf 85' lang='lat' dir='ltr'>coegere,</span> <span class='ocrx_word' id='word_1_21' title='bbox 631 516 794 567; x_wconf 90' lang='lat' dir='ltr'>nomen</span> <span class='ocrx_word' id='word_1_22' title='bbox 842 501 1125 562; x_wconf 80' lang='lat' dir='ltr'>gloriamque</span> <span class='ocrx_word' id='word_1_23' title='bbox 1180 498 1290 543; x_wconf 86' lang='lat' dir='ltr'><strong>sibi.</strong></span> <span class='ocrx_word' id='word_1_24' title='bbox 1324 498 1571 554; x_wconf 79' lang='lat' dir='ltr'>addidere,</span> 
     </span>
    </p>
   </div>
   <div class='ocr_carea' id='block_1_3' title="bbox 171 582 1569 661">
    <p class='ocr_par' dir='ltr' id='par_1_3' title="bbox 171 582 1569 661">
     <span class='ocr_line' id='line_1_5' title="bbox 171 582 1569 661; baseline -0.004 -17"><span class='ocrx_word' id='word_1_25' title='bbox 171 600 318 661; x_wconf 86' lang='lat' dir='ltr'>magis</span> <span class='ocrx_word' id='word_1_26' title='bbox 353 582 424 656; x_wconf 70' lang='lat' dir='ltr'>fii,</span> <span class='ocrx_word' id='word_1_27' title='bbox 473 599 550 657; x_wconf 91' lang='lat' dir='ltr'>qui</span> <span class='ocrx_word' id='word_1_28' title='bbox 586 598 646 642; x_wconf 86' lang='lat' dir='ltr'>ad</span> <span class='ocrx_word' id='word_1_29' title='bbox 681 605 881 643; x_wconf 85' lang='lat' dir='ltr'>nostrum</span> <span class='ocrx_word' id='word_1_30' title='bbox 917 613 1041 642; x_wconf 87' lang='lat' dir='ltr'>mare</span> <span class='ocrx_word' id='word_1_31' title='bbox 1074 603 1411 656; x_wconf 83' lang='lat' dir='ltr'>processerant,</span> <span class='ocrx_word' id='word_1_32' title='bbox 1464 596 1569 654; x_wconf 85' lang='lat' dir='ltr'>quia</span> 
     </span>
    </p>
   </div>
   <div class='ocr_carea' id='block_1_4' title="bbox 94 710 1570 1244">
    <p class='ocr_par' dir='ltr' id='par_1_4' title="bbox 94 710 1570 1244">
     <span class='ocr_line' id='line_1_6' title="bbox 94 710 1570 759; baseline -0.005 -7"><span class='ocrx_word' id='word_1_33' title='bbox 94 751 99 754; x_wconf 79' lang='grc'>,</span> <span class='ocrx_word' id='word_1_34' title='bbox 170 717 308 751; x_wconf 78' lang='lat' dir='ltr'>nomine</span> <span class='ocrx_word' id='word_1_35' title='bbox 325 715 541 755; x_wconf 55' lang='lat' dir='ltr'>Numidiam</span> <span class='ocrx_word' id='word_1_36' title='bbox 565 714 694 759; x_wconf 84' lang='lat' dir='ltr'>quippe</span> <span class='ocrx_word' id='word_1_37' title='bbox 719 714 757 748; x_wconf 83' lang='lat' dir='ltr'>in</span> <span class='ocrx_word' id='word_1_38' title='bbox 781 717 946 758; x_wconf 83' lang='lat' dir='ltr'>promptu</span> <span class='ocrx_word' id='word_1_39' title='bbox 970 716 1041 754; x_wconf 87' lang='lat' dir='ltr'>est,</span> <span class='ocrx_word' id='word_1_40' title='bbox 1067 713 1204 746; x_wconf 86' lang='lat' dir='ltr'>nullam</span> <span class='ocrx_word' id='word_1_41' title='bbox 1225 712 1355 751; x_wconf 65' lang='lat' dir='ltr'>harum</span> <span class='ocrx_word' id='word_1_42' title='bbox 1378 710 1570 755; x_wconf 79' lang='lat' dir='ltr'>interpola.-</span> 
     </span>
     <span class='ocr_line' id='line_1_7' title="bbox 171 773 1569 821; baseline -0.004 -9"><span class='ocrx_word' id='word_1_43' title='bbox 171 778 308 813; x_wconf 79' lang='lat' dir='ltr'>tionum</span> <span class='ocrx_word' id='word_1_44' title='bbox 331 775 480 821; x_wconf 84' lang='lat' dir='ltr'>procudi</span> <span class='ocrx_word' id='word_1_45' title='bbox 503 775 679 819; x_wconf 79' lang='lat' dir='ltr'>potuisse,</span> <span class='ocrx_word' id='word_1_46' title='bbox 702 774 770 810; x_wconf 86' lang='lat' dir='ltr'>nisi</span> <span class='ocrx_word' id='word_1_47' title='bbox 791 775 931 810; x_wconf 86' lang='lat' dir='ltr'>librarii</span> <span class='ocrx_word' id='word_1_48' title='bbox 955 775 991 809; x_wconf 86' lang='lat' dir='ltr'>in</span> <span class='ocrx_word' id='word_1_49' title='bbox 1014 773 1199 819; x_wconf 78' lang='lat' dir='ltr'>primitiva</span> <span class='ocrx_word' id='word_1_50' title='bbox 1231 773 1405 821; x_wconf 80' lang='lat' dir='ltr'>scriptura</span> <span class='ocrx_word' id='word_1_51' title='bbox 1431 773 1569 807; x_wconf 73' lang='lat' dir='ltr'>nominc</span> 
     </span>
     <span class='ocr_line' id='line_1_8' title="bbox 172 833 1570 881; baseline -0.004 -9"><span class='ocrx_word' id='word_1_52' title='bbox 172 837 405 872; x_wconf 83' lang='lat' dir='ltr'>offendissent.</span> <span class='ocrx_word' id='word_1_53' title='bbox 420 856 467 862; x_wconf 92' lang='lat'><em>-</em></span> <span class='ocrx_word' id='word_1_54' title='bbox 484 837 673 872; x_wconf 76' lang='lat' dir='ltr'>Possedere</span> <span class='ocrx_word' id='word_1_55' title='bbox 696 836 911 881; x_wconf 74' lang='lat' dir='ltr'>explicatu·</span> <span class='ocrx_word' id='word_1_56' title='bbox 935 837 981 870; x_wconf 86' lang='lat' dir='ltr'>ad</span> <span class='ocrx_word' id='word_1_57' title='bbox 1005 847 1036 871; x_wconf 89' lang='lat' dir='ltr'>c.</span> <span class='ocrx_word' id='word_1_58' title='bbox 1062 836 1153 878; x_wconf 76' lang='lat' dir='ltr'>XVI,</span> <span class='ocrx_word' id='word_1_59' title='bbox 1178 834 1212 869; x_wconf 82' lang='lat'>5.</span> <span class='ocrx_word' id='word_1_60' title='bbox 1235 835 1333 868; x_wconf 80' lang='lat' dir='ltr'>Male</span> <span class='ocrx_word' id='word_1_61' title='bbox 1357 833 1570 868; x_wconf 68' lang='lat' dir='ltr'>aei-lachin·</span> 
     </span>
     <span class='ocr_line' id='line_1_9' title="bbox 170 894 1567 942; baseline -0.002 -10"><span class='ocrx_word' id='word_1_62' title='bbox 170 898 208 932; x_wconf 88' lang='lat' dir='ltr'>in</span> <span class='ocrx_word' id='word_1_63' title='bbox 235 898 288 932; x_wconf 91' lang='lat' dir='ltr'>ed.</span> <span class='ocrx_word' id='word_1_64' title='bbox 314 897 399 932; x_wconf 89' lang='lat' dir='ltr'>mai.</span> <span class='ocrx_word' id='word_1_65' title='bbox 425 897 584 933; x_wconf 89' lang='lat' dir='ltr'>Cortium</span> <span class='ocrx_word' id='word_1_66' title='bbox 609 902 746 932; x_wconf 84' lang='lat' dir='ltr'>secutus</span> <span class='ocrx_word' id='word_1_67' title='bbox 770 897 912 942; x_wconf 76' lang='lat' dir='ltr'><strong>scripsit</strong></span> <span class='ocrx_word' id='word_1_68' title='bbox 933 897 1130 941; x_wconf 74' lang='lat' dir='ltr'>possidere,</span> <span class='ocrx_word' id='word_1_69' title='bbox 1163 895 1256 940; x_wconf 87' lang='lat' dir='ltr'>quod</span> <span class='ocrx_word' id='word_1_70' title='bbox 1289 895 1326 929; x_wconf 91' lang='lat' dir='ltr'>in</span> <span class='ocrx_word' id='word_1_71' title='bbox 1359 894 1499 929; x_wconf 84' lang='lat' dir='ltr'>Fabric.</span> <span class='ocrx_word' id='word_1_72' title='bbox 1531 894 1567 929; x_wconf 90' lang='lat'>1.</span> 
     </span>
     <span class='ocr_line' id='line_1_10' title="bbox 171 953 1567 994; baseline -0.002 -1"><span class='ocrx_word' id='word_1_73' title='bbox 171 959 206 993; x_wconf 85' lang='lat'>2.</span> <span class='ocrx_word' id='word_1_74' title='bbox 232 959 338 993; x_wconf 86' lang='lat' dir='ltr'>Acad.</span> <span class='ocrx_word' id='word_1_75' title='bbox 357 957 477 992; x_wconf 84' lang='lat' dir='ltr'>Struv.</span> <span class='ocrx_word' id='word_1_76' title='bbox 502 959 629 993; x_wconf 87' lang='lat' dir='ltr'>Franc.</span> <span class='ocrx_word' id='word_1_77' title='bbox 654 959 752 994; x_wconf 79' lang='lat' dir='ltr'>Vrat.</span> <span class='ocrx_word' id='word_1_78' title='bbox 780 958 816 992; x_wconf 86' lang='lat'>2.</span> <span class='ocrx_word' id='word_1_79' title='bbox 841 959 922 992; x_wconf 89' lang='lat' dir='ltr'>Ecc.</span> <span class='ocrx_word' id='word_1_80' title='bbox 949 957 1069 992; x_wconf 79' lang='lat' dir='ltr'>Guelf.</span> <span class='ocrx_word' id='word_1_81' title='bbox 1086 957 1127 991; x_wconf 84' lang='lat'>·2.</span> <span class='ocrx_word' id='word_1_82' title='bbox 1152 955 1187 990; x_wconf 78' lang='lat'>3.</span> <span class='ocrx_word' id='word_1_83' title='bbox 1212 955 1247 990; x_wconf 88' lang='grc'>9.</span> <span class='ocrx_word' id='word_1_84' title='bbox 1270 954 1329 990; x_wconf 89' lang='grc'><strong>11.</strong></span> <span class='ocrx_word' id='word_1_85' title='bbox 1352 955 1409 989; x_wconf 80' lang='grc'><strong>12.</strong></span> <span class='ocrx_word' id='word_1_86' title='bbox 1433 953 1567 990; x_wconf 79' lang='lat' dir='ltr'>Bas.1.</span> 
     </span>
     <span class='ocr_line' id='line_1_11' title="bbox 170 1015 1569 1064; baseline -0.005 -10"><span class='ocrx_word' id='word_1_87' title='bbox 170 1021 206 1054; x_wconf 84' lang='grc'><strong>4.</strong></span> <span class='ocrx_word' id='word_1_88' title='bbox 229 1021 334 1054; x_wconf 85' lang='lat' dir='ltr'>Bern.</span> <span class='ocrx_word' id='word_1_89' title='bbox 360 1019 396 1053; x_wconf 92' lang='lat'>1.</span> <span class='ocrx_word' id='word_1_90' title='bbox 418 1019 453 1053; x_wconf 87' lang='grc'>3.</span> <span class='ocrx_word' id='word_1_91' title='bbox 478 1019 591 1054; x_wconf 86' lang='lat' dir='ltr'>Paris.</span> <span class='ocrx_word' id='word_1_92' title='bbox 626 1020 669 1054; x_wconf 90' lang='lat' dir='ltr'>B.</span> <span class='ocrx_word' id='word_1_93' title='bbox 695 1021 737 1053; x_wconf 85' lang='lat' dir='ltr'>D.</span> <span class='ocrx_word' id='word_1_94' title='bbox 771 1019 864 1064; x_wconf 82' lang='lat' dir='ltr'>Teg.</span> <span class='ocrx_word' id='word_1_95' title='bbox 898 1019 1004 1053; x_wconf 83' lang='lat' dir='ltr'>Misn.</span> <span class='ocrx_word' id='word_1_96' title='bbox 1029 1021 1064 1052; x_wconf 88' lang='lat' dir='ltr'>et</span> <span class='ocrx_word' id='word_1_97' title='bbox 1088 1015 1239 1051; x_wconf 82' lang='lat' dir='ltr'>Goerlit.</span> <span class='ocrx_word' id='word_1_98' title='bbox 1262 1015 1446 1059; x_wconf 77' lang='lat' dir='ltr'>reperitur.</span> <span class='ocrx_word' id='word_1_99' title='bbox 1483 1015 1569 1048; x_wconf 75' lang='lat' dir='ltr'>-Re-</span> 
     </span>
     <span class='ocr_line' id='line_1_12' title="bbox 169 1074 1568 1126; baseline -0.003 -11"><span class='ocrx_word' id='word_1_100' title='bbox 169 1080 255 1115; x_wconf 88' lang='lat' dir='ltr'>licui</span> <span class='ocrx_word' id='word_1_101' title='bbox 285 1080 470 1126; x_wconf 81' lang='lat' dir='ltr'>vulgatam</span> <span class='ocrx_word' id='word_1_102' title='bbox 509 1082 702 1125; x_wconf 82' lang='lat' dir='ltr'>praebent,</span> <span class='ocrx_word' id='word_1_103' title='bbox 736 1091 826 1124; x_wconf 89' lang='lat' dir='ltr'>quae</span> <span class='ocrx_word' id='word_1_104' title='bbox 858 1080 934 1114; x_wconf 89' lang='lat' dir='ltr'>sola</span> <span class='ocrx_word' id='word_1_105' title='bbox 966 1079 1051 1113; x_wconf 83' lang='lat' dir='ltr'>huic</span> <span class='ocrx_word' id='word_1_106' title='bbox 1080 1079 1160 1113; x_wconf 89' lang='lat' dir='ltr'>loco</span> <span class='ocrx_word' id='word_1_107' title='bbox 1194 1076 1377 1118; x_wconf 79' lang='lat' dir='ltr'>convenit3</span> <span class='ocrx_word' id='word_1_108' title='bbox 1398 1087 1482 1113; x_wconf 81' lang='lat' dir='ltr'>nam</span> <span class='ocrx_word' id='word_1_109' title='bbox 1503 1074 1568 1111; x_wconf 82' lang='lat' dir='ltr'><strong>inf.</strong></span> 
     </span>
     <span class='ocr_line' id='line_1_13' title="bbox 169 1138 1566 1185; baseline -0.004 -9"><span class='ocrx_word' id='word_1_110' title='bbox 169 1141 359 1183; x_wconf 81' lang='lat' dir='ltr'>historicus</span> <span class='ocrx_word' id='word_1_111' title='bbox 393 1152 501 1185; x_wconf 91' lang='lat' dir='ltr'>quum</span> <span class='ocrx_word' id='word_1_112' title='bbox 533 1153 597 1185; x_wconf 88' lang='lat' dir='ltr'>per</span> <span class='ocrx_word' id='word_1_113' title='bbox 626 1153 663 1175; x_wconf 86' lang='lat' dir='ltr'>se</span> <span class='ocrx_word' id='word_1_114' title='bbox 698 1153 719 1175; x_wconf 88' lang='lat' dir='ltr'>a</span> <span class='ocrx_word' id='word_1_115' title='bbox 752 1141 846 1175; x_wconf 88' lang='lat' dir='ltr'>nuda</span> <span class='ocrx_word' id='word_1_116' title='bbox 877 1140 928 1174; x_wconf 89' lang='lat' dir='ltr'>rei</span> <span class='ocrx_word' id='word_1_117' title='bbox 960 1141 1076 1175; x_wconf 78' lang='lat' dir='ltr'>factae</span> <span class='ocrx_word' id='word_1_118' title='bbox 1110 1138 1283 1174; x_wconf 81' lang='lat' dir='ltr'>relatione</span> <span class='ocrx_word' id='word_1_119' title='bbox 1325 1138 1460 1172; x_wconf 83' lang='lat' dir='ltr'>alienus</span> <span class='ocrx_word' id='word_1_120' title='bbox 1501 1139 1566 1179; x_wconf 83' lang='lat' dir='ltr'>est,</span> 
     </span>
     <span class='ocr_line' id='line_1_14' title="bbox 169 1198 1568 1244; baseline -0.004 -6"><span class='ocrx_word' id='word_1_121' title='bbox 169 1209 246 1238; x_wconf 88' lang='lat' dir='ltr'>tum</span> <span class='ocrx_word' id='word_1_122' title='bbox 269 1214 291 1238; x_wconf 86' lang='lat' dir='ltr'>a</span> <span class='ocrx_word' id='word_1_123' title='bbox 315 1206 388 1237; x_wconf 85' lang='lat' dir='ltr'>tota</span> <span class='ocrx_word' id='word_1_124' title='bbox 409 1201 516 1236; x_wconf 89' lang='lat' dir='ltr'>huius</span> <span class='ocrx_word' id='word_1_125' title='bbox 539 1200 610 1235; x_wconf 90' lang='lat' dir='ltr'>loci</span> <span class='ocrx_word' id='word_1_126' title='bbox 634 1200 771 1235; x_wconf 89' lang='lat' dir='ltr'>ratione</span> <span class='ocrx_word' id='word_1_127' title='bbox 794 1202 981 1244; x_wconf 86' lang='lat' dir='ltr'>abhorret,</span> <span class='ocrx_word' id='word_1_128' title='bbox 1005 1202 1068 1236; x_wconf 87' lang='lat' dir='ltr'>ubi</span> <span class='ocrx_word' id='word_1_129' title='bbox 1091 1204 1215 1235; x_wconf 80' lang='lat' dir='ltr'>auctor</span> <span class='ocrx_word' id='word_1_130' title='bbox 1239 1198 1358 1234; x_wconf 84' lang='lat' dir='ltr'>omnia</span> <span class='ocrx_word' id='word_1_131' title='bbox 1381 1210 1443 1243; x_wconf 81' lang='lat' dir='ltr'>per</span> <span class='ocrx_word' id='word_1_132' title='bbox 1465 1207 1568 1242; x_wconf 69' lang='lat' dir='ltr'>pne-</span> 
     </span>
    </p>
   </div>
   <div class='ocr_carea' id='block_1_5' title="bbox 168 1258 1626 1306">
    <p class='ocr_par' dir='ltr' id='par_1_5' title="bbox 168 1258 1626 1306">
     <span class='ocr_line' id='line_1_15' title="bbox 168 1258 1626 1306; baseline -0.004 -7"><span class='ocrx_word' id='word_1_133' title='bbox 168 1264 312 1299; x_wconf 74' lang='lat' dir='ltr'>teritum</span> <span class='ocrx_word' id='word_1_134' title='bbox 347 1263 483 1297; x_wconf 85' lang='lat' dir='ltr'>extulit.</span> <span class='ocrx_word' id='word_1_135' title='bbox 530 1263 623 1297; x_wconf 86' lang='lat' dir='ltr'>Nam</span> <span class='ocrx_word' id='word_1_136' title='bbox 658 1262 737 1306; x_wconf 84' lang='lat' dir='ltr'>quis</span> <span class='ocrx_word' id='word_1_137' title='bbox 771 1263 891 1297; x_wconf 85' lang='lat' dir='ltr'>credat</span> <span class='ocrx_word' id='word_1_138' title='bbox 925 1261 1136 1297; x_wconf 73' lang='lat' dir='ltr'><strong>Sallustium</strong></span> <span class='ocrx_word' id='word_1_139' title='bbox 1169 1264 1244 1295; x_wconf 82' lang='lat' dir='ltr'>tam</span> <span class='ocrx_word' id='word_1_140' title='bbox 1273 1271 1400 1304; x_wconf 86' lang='lat' dir='ltr'>parum</span> <span class='ocrx_word' id='word_1_141' title='bbox 1431 1259 1499 1294; x_wconf 80' lang='lat' dir='ltr'>sibi</span> <span class='ocrx_word' id='word_1_142' title='bbox 1531 1258 1568 1294; x_wconf 80' lang='lat' dir='ltr'>in</span> <span class='ocrx_word' id='word_1_143' title='bbox 1621 1261 1626 1265; x_wconf 82' lang='grc'><em>“</em></span> 
     </span>
    </p>
   </div>
   <div class='ocr_carea' id='block_1_6' title="bbox 160 1320 1621 2832">
    <p class='ocr_par' dir='ltr' id='par_1_6' title="bbox 160 1320 1621 2832">
     <span class='ocr_line' id='line_1_16' title="bbox 169 1320 1621 1368; baseline -0.004 -8"><span class='ocrx_word' id='word_1_144' title='bbox 169 1326 343 1361; x_wconf 82' lang='lat' dir='ltr'>narrando</span> <span class='ocrx_word' id='word_1_145' title='bbox 367 1328 551 1366; x_wconf 81' lang='lat' dir='ltr'>constare,</span> <span class='ocrx_word' id='word_1_146' title='bbox 575 1327 637 1366; x_wconf 89' lang='lat' dir='ltr'>ut,</span> <span class='ocrx_word' id='word_1_147' title='bbox 662 1335 771 1368; x_wconf 89' lang='lat' dir='ltr'>quum</span> <span class='ocrx_word' id='word_1_148' title='bbox 795 1323 875 1358; x_wconf 87' lang='lat' dir='ltr'>inde</span> <span class='ocrx_word' id='word_1_149' title='bbox 899 1335 921 1358; x_wconf 85' lang='lat' dir='ltr'>a</span> <span class='ocrx_word' id='word_1_150' title='bbox 943 1327 978 1367; x_wconf 72' lang='lat'>§-</span> <span class='ocrx_word' id='word_1_151' title='bbox 1002 1324 1035 1358; x_wconf 79' lang='lat'>4.</span> <span class='ocrx_word' id='word_1_152' title='bbox 1069 1322 1212 1356; x_wconf 78' lang='lat' dir='ltr'>dixisset</span> <span class='ocrx_word' id='word_1_153' title='bbox 1243 1333 1471 1366; x_wconf 84' lang='lat' dir='ltr'>occupavere,</span> <span class='ocrx_word' id='word_1_154' title='bbox 1499 1320 1569 1354; x_wconf 81' lang='lat' dir='ltr'>ha·-</span> <span class='ocrx_word' id='word_1_155' title='bbox 1616 1355 1621 1358; x_wconf 76' lang='grc'>,</span> 
     </span>
     <span class='ocr_line' id='line_1_17' title="bbox 169 1380 1566 1429; baseline -0.005 -8"><span class='ocrx_word' id='word_1_156' title='bbox 169 1388 297 1429; x_wconf 84' lang='lat' dir='ltr'>buere,</span> <span class='ocrx_word' id='word_1_157' title='bbox 327 1385 516 1426; x_wconf 75' lang='lat' dir='ltr'><strong>miscuere,</strong></span> <span class='ocrx_word' id='word_1_158' title='bbox 551 1383 795 1428; x_wconf 82' lang='lat' dir='ltr'>appellavere,</span> <span class='ocrx_word' id='word_1_159' title='bbox 828 1396 1022 1426; x_wconf 82' lang='lat' dir='ltr'>accessere,</span> <span class='ocrx_word' id='word_1_160' title='bbox 1049 1384 1224 1423; x_wconf 79' lang='lat' dir='ltr'>habuere,</span> <span class='ocrx_word' id='word_1_161' title='bbox 1250 1393 1453 1426; x_wconf 74' lang='lat' dir='ltr'>corrupere,</span> <span class='ocrx_word' id='word_1_162' title='bbox 1477 1380 1566 1415; x_wconf 86' lang='lat' dir='ltr'>ado-</span> 
     </span>
     <span class='ocr_line' id='line_1_18' title="bbox 169 1440 1566 1492; baseline -0.006 -9"><span class='ocrx_word' id='word_1_163' title='bbox 169 1449 276 1490; x_wconf 80' lang='lat' dir='ltr'>levit,</span> <span class='ocrx_word' id='word_1_164' title='bbox 300 1458 466 1492; x_wconf 83' lang='lat' dir='ltr'>coegere,</span> <span class='ocrx_word' id='word_1_165' title='bbox 487 1443 676 1486; x_wconf 75' lang='lat' dir='ltr'>addidere,</span> <span class='ocrx_word' id='word_1_166' title='bbox 694 1455 855 1488; x_wconf 78' lang='lat' dir='ltr'>possessa</span> <span class='ocrx_word' id='word_1_167' title='bbox 879 1450 949 1487; x_wconf 88' lang='lat' dir='ltr'>est,</span> <span class='ocrx_word' id='word_1_168' title='bbox 973 1455 1187 1487; x_wconf 80' lang='lat' dir='ltr'>concessere,</span> <span class='ocrx_word' id='word_1_169' title='bbox 1214 1446 1253 1477; x_wconf 91' lang='lat' dir='ltr'>ut</span> <span class='ocrx_word' id='word_1_170' title='bbox 1277 1442 1333 1476; x_wconf 81' lang='lat' dir='ltr'>his</span> <span class='ocrx_word' id='word_1_171' title='bbox 1364 1453 1480 1486; x_wconf 81' lang='lat' dir='ltr'>praes.</span> <span class='ocrx_word' id='word_1_172' title='bbox 1512 1440 1566 1474; x_wconf 86' lang='lat' dir='ltr'>in-</span> 
     </span>
     <span class='ocr_line' id='line_1_19' title="bbox 168 1503 1566 1548; baseline -0.007 -4"><span class='ocrx_word' id='word_1_173' title='bbox 168 1509 345 1544; x_wconf 80' lang='lat' dir='ltr'>finitivum</span> <span class='ocrx_word' id='word_1_174' title='bbox 377 1507 547 1546; x_wconf 78' lang='lat' dir='ltr'>inferret,</span> <span class='ocrx_word' id='word_1_175' title='bbox 577 1505 682 1539; x_wconf 84' lang='lat' dir='ltr'>rebus</span> <span class='ocrx_word' id='word_1_176' title='bbox 712 1517 782 1540; x_wconf 90' lang='lat' dir='ltr'>non</span> <span class='ocrx_word' id='word_1_177' title='bbox 815 1506 986 1541; x_wconf 83' lang='lat' dir='ltr'>mutatis?</span> <span class='ocrx_word' id='word_1_178' title='bbox 1019 1506 1091 1540; x_wconf 87' lang='lat' dir='ltr'>Sed</span> <span class='ocrx_word' id='word_1_179' title='bbox 1121 1503 1276 1538; x_wconf 81' lang='lat' dir='ltr'>maxime</span> <span class='ocrx_word' id='word_1_180' title='bbox 1300 1503 1498 1548; x_wconf 76' lang='lat' dir='ltr'>perrectum</span> <span class='ocrx_word' id='word_1_181' title='bbox 1523 1511 1566 1535; x_wconf 89' lang='lat' dir='ltr'>eo</span> 
     </span>
     <span class='ocr_line' id='line_1_20' title="bbox 168 1560 1567 1614; baseline -0.007 -9"><span class='ocrx_word' id='word_1_182' title='bbox 168 1571 416 1611; x_wconf 83' lang='lat' dir='ltr'>confirmatur,</span> <span class='ocrx_word' id='word_1_183' title='bbox 448 1566 542 1611; x_wconf 86' lang='lat' dir='ltr'>quod</span> <span class='ocrx_word' id='word_1_184' title='bbox 572 1565 729 1600; x_wconf 86' lang='lat' dir='ltr'>narratio</span> <span class='ocrx_word' id='word_1_185' title='bbox 757 1566 944 1611; x_wconf 80' lang='lat' dir='ltr'>particulis</span> <span class='ocrx_word' id='word_1_186' title='bbox 963 1579 1006 1601; x_wconf 86' lang='lat' dir='ltr'>ac</span> <span class='ocrx_word' id='word_1_187' title='bbox 1028 1570 1193 1614; x_wconf 81' lang='lat' dir='ltr'>postea</span> <span class='ocrx_word' id='word_1_188' title='bbox 1215 1563 1449 1598; x_wconf 79' lang='lat' dir='ltr'>continuatur.</span> <span class='ocrx_word' id='word_1_189' title='bbox 1495 1560 1567 1596; x_wconf 80' lang='lat' dir='ltr'>Ne-</span> 
     </span>
     <span class='ocr_line' id='line_1_21' title="bbox 168 1621 1606 1677; baseline -0.007 -11"><span class='ocrx_word' id='word_1_190' title='bbox 168 1643 237 1677; x_wconf 85' lang='lat' dir='ltr'>que</span> <span class='ocrx_word' id='word_1_191' title='bbox 266 1630 334 1666; x_wconf 84' lang='lat' dir='ltr'><strong>sibi</strong></span> <span class='ocrx_word' id='word_1_192' title='bbox 358 1627 514 1664; x_wconf 85' lang='lat' dir='ltr'>constitit</span> <span class='ocrx_word' id='word_1_193' title='bbox 537 1627 636 1661; x_wconf 79' lang='lat' dir='ltr'>Gerl.</span> <span class='ocrx_word' id='word_1_194' title='bbox 660 1626 697 1661; x_wconf 92' lang='lat' dir='ltr'>in</span> <span class='ocrx_word' id='word_1_195' title='bbox 721 1627 775 1661; x_wconf 89' lang='lat' dir='ltr'>ed.</span> <span class='ocrx_word' id='word_1_196' title='bbox 799 1627 1003 1662; x_wconf 74' lang='lat' dir='ltr'>novissima.</span> <span class='ocrx_word' id='word_1_197' title='bbox 1035 1646 1082 1652; x_wconf 89' lang='lat'>-—</span> <span class='ocrx_word' id='word_1_198' title='bbox 1105 1625 1209 1670; x_wconf 79' lang='lat' dir='ltr'>Quod</span> <span class='ocrx_word' id='word_1_199' title='bbox 1230 1635 1401 1669; x_wconf 68' lang='lat' dir='ltr'>proxuma</span> <span class='ocrx_word' id='word_1_200' title='bbox 1424 1621 1565 1667; x_wconf 82' lang='lat' dir='ltr'>scripsi·</span> <span class='ocrx_word' id='word_1_201' title='bbox 1601 1632 1606 1633; x_wconf 51' lang='lat'><em>⁷</em></span> 
     </span>
     <span class='ocr_line' id='line_1_22' title="bbox 168 1683 1564 1735; baseline -0.008 -6"><span class='ocrx_word' id='word_1_202' title='bbox 168 1705 267 1735; x_wconf 87' lang='lat' dir='ltr'>mus,</span> <span class='ocrx_word' id='word_1_203' title='bbox 290 1690 459 1727; x_wconf 85' lang='lat' dir='ltr'>audacius</span> <span class='ocrx_word' id='word_1_204' title='bbox 481 1687 595 1722; x_wconf 83' lang='lat' dir='ltr'>videri</span> <span class='ocrx_word' id='word_1_205' title='bbox 617 1691 750 1731; x_wconf 80' lang='lat' dir='ltr'>potest3</span> <span class='ocrx_word' id='word_1_206' title='bbox 772 1691 807 1722; x_wconf 88' lang='lat' dir='ltr'>et</span> <span class='ocrx_word' id='word_1_207' title='bbox 830 1700 914 1723; x_wconf 88' lang='lat' dir='ltr'>sane</span> <span class='ocrx_word' id='word_1_208' title='bbox 939 1689 1107 1733; x_wconf 81' lang='lat' dir='ltr'>profiteor</span> <span class='ocrx_word' id='word_1_209' title='bbox 1128 1687 1180 1721; x_wconf 88' lang='lat' dir='ltr'>ita</span> <span class='ocrx_word' id='word_1_210' title='bbox 1201 1687 1374 1721; x_wconf 83' lang='lat' dir='ltr'>fluctuare</span> <span class='ocrx_word' id='word_1_211' title='bbox 1392 1686 1435 1719; x_wconf 89' lang='lat' dir='ltr'>de</span> <span class='ocrx_word' id='word_1_212' title='bbox 1457 1683 1564 1718; x_wconf 77' lang='lat' dir='ltr'>huius</span> 
     </span>
     <span class='ocr_line' id='line_1_23' title="bbox 168 1747 1567 1794; baseline -0.007 -6"><span class='ocrx_word' id='word_1_213' title='bbox 168 1753 239 1788; x_wconf 88' lang='lat' dir='ltr'>loci</span> <span class='ocrx_word' id='word_1_214' title='bbox 265 1750 507 1787; x_wconf 83' lang='lat' dir='ltr'>constituenda</span> <span class='ocrx_word' id='word_1_215' title='bbox 530 1749 703 1794; x_wconf 84' lang='lat' dir='ltr'>scriptura</span> <span class='ocrx_word' id='word_1_216' title='bbox 733 1749 902 1783; x_wconf 85' lang='lat' dir='ltr'>iudicium</span> <span class='ocrx_word' id='word_1_217' title='bbox 919 1775 929 1791; x_wconf 92' lang='lat'>,</span> <span class='ocrx_word' id='word_1_218' title='bbox 963 1754 1003 1783; x_wconf 91' lang='lat' dir='ltr'>ut</span> <span class='ocrx_word' id='word_1_219' title='bbox 1021 1760 1144 1783; x_wconf 76' lang='lat' dir='ltr'>veram</span> <span class='ocrx_word' id='word_1_220' title='bbox 1168 1747 1318 1782; x_wconf 85' lang='lat' dir='ltr'>auctoris</span> <span class='ocrx_word' id='word_1_221' title='bbox 1341 1757 1484 1780; x_wconf 82' lang='lat' dir='ltr'>manum</span> <span class='ocrx_word' id='word_1_222' title='bbox 1509 1755 1567 1778; x_wconf 86' lang='lat' dir='ltr'>me</span> 
     </span>
     <span class='ocr_line' id='line_1_24' title="bbox 166 1807 1568 1860; baseline -0.007 -12"><span class='ocrx_word' id='word_1_223' title='bbox 166 1813 304 1860; x_wconf 68' lang='lat' dir='ltr'>vdedisse</span> <span class='ocrx_word' id='word_1_224' title='bbox 326 1823 396 1846; x_wconf 90' lang='lat' dir='ltr'>non</span> <span class='ocrx_word' id='word_1_225' title='bbox 420 1823 484 1856; x_wconf 85' lang='lat' dir='ltr'>pro</span> <span class='ocrx_word' id='word_1_226' title='bbox 507 1814 602 1845; x_wconf 86' lang='lat' dir='ltr'>certo</span> <span class='ocrx_word' id='word_1_227' title='bbox 625 1810 891 1845; x_wconf 83' lang='lat' dir='ltr'>affirmaverim.</span> <span class='ocrx_word' id='word_1_228' title='bbox 926 1811 1070 1844; x_wconf 81' lang='lat' dir='ltr'>Codices</span> <span class='ocrx_word' id='word_1_229' title='bbox 1094 1809 1187 1843; x_wconf 88' lang='lat' dir='ltr'>enim</span> <span class='ocrx_word' id='word_1_230' title='bbox 1209 1809 1285 1842; x_wconf 83' lang='lat' dir='ltr'>fere</span> <span class='ocrx_word' id='word_1_231' title='bbox 1307 1818 1428 1842; x_wconf 87' lang='lat' dir='ltr'>omnes</span> <span class='ocrx_word' id='word_1_232' title='bbox 1450 1807 1568 1840; x_wconf 87' lang='lat' dir='ltr'>tenent</span> 
     </span>
     <span class='ocr_line' id='line_1_25' title="bbox 166 1866 1567 1919; baseline -0.006 -11"><span class='ocrx_word' id='word_1_233' title='bbox 166 1885 334 1919; x_wconf 71' lang='lat' dir='ltr'>proxume</span> <span class='ocrx_word' id='word_1_234' title='bbox 356 1872 631 1917; x_wconf 79' lang='lat' dir='ltr'>Carthaginem,</span> <span class='ocrx_word' id='word_1_235' title='bbox 654 1870 747 1916; x_wconf 85' lang='lat' dir='ltr'>quod</span> <span class='ocrx_word' id='word_1_236' title='bbox 771 1883 835 1914; x_wconf 81' lang='lat' dir='ltr'>per</span> <span class='ocrx_word' id='word_1_237' title='bbox 855 1882 892 1905; x_wconf 87' lang='lat' dir='ltr'>se</span> <span class='ocrx_word' id='word_1_238' title='bbox 914 1883 958 1904; x_wconf 88' lang='lat' dir='ltr'>ne</span> <span class='ocrx_word' id='word_1_239' title='bbox 981 1871 1166 1905; x_wconf 83' lang='lat' dir='ltr'>minimam</span> <span class='ocrx_word' id='word_1_240' title='bbox 1189 1869 1330 1913; x_wconf 87' lang='lat' dir='ltr'>quidem</span> <span class='ocrx_word' id='word_1_241' title='bbox 1347 1866 1567 1910; x_wconf 77' lang='lat' dir='ltr'>corruptelae</span> 
     </span>
     <span class='ocr_line' id='line_1_26' title="bbox 167 1929 1564 1978; baseline -0.003 -12"><span class='ocrx_word' id='word_1_242' title='bbox 167 1931 404 1977; x_wconf 73' lang='lat' dir='ltr'>suspicionem</span> <span class='ocrx_word' id='word_1_243' title='bbox 435 1933 592 1978; x_wconf 83' lang='lat' dir='ltr'>praebet.</span> <span class='ocrx_word' id='word_1_244' title='bbox 640 1932 708 1967; x_wconf 89' lang='lat' dir='ltr'>Sed</span> <span class='ocrx_word' id='word_1_245' title='bbox 741 1932 843 1967; x_wconf 83' lang='lat' dir='ltr'>Arus.</span> <span class='ocrx_word' id='word_1_246' title='bbox 868 1934 1003 1967; x_wconf 85' lang='lat' dir='ltr'>Messus</span> <span class='ocrx_word' id='word_1_247' title='bbox 1026 1944 1059 1966; x_wconf 85' lang='lat' dir='ltr'>v.</span> <span class='ocrx_word' id='word_1_248' title='bbox 1089 1941 1278 1976; x_wconf 77' lang='lat' dir='ltr'>proxumus</span> <span class='ocrx_word' id='word_1_249' title='bbox 1297 1930 1360 1970; x_wconf 23' lang='lat' dir='ltr'>*illo</span> <span class='ocrx_word' id='word_1_250' title='bbox 1385 1929 1564 1972; x_wconf 77' lang='lat' dir='ltr'>(Gi-amm.</span> 
     </span>
     <span class='ocr_line' id='line_1_27' title="bbox 168 1988 1565 2038; baseline -0.005 -10"><span class='ocrx_word' id='word_1_251' title='bbox 168 1995 247 2028; x_wconf 83' lang='lat' dir='ltr'>Lat.</span> <span class='ocrx_word' id='word_1_252' title='bbox 273 1994 351 2028; x_wconf 80' lang='lat' dir='ltr'>Vol.</span> <span class='ocrx_word' id='word_1_253' title='bbox 376 1995 402 2028; x_wconf 90' lang='grc' dir='ltr'><strong>Ι.</strong></span> <span class='ocrx_word' id='word_1_254' title='bbox 429 2006 464 2038; x_wconf 88' lang='lat' dir='ltr'>p.</span> <span class='ocrx_word' id='word_1_255' title='bbox 488 1992 571 2029; x_wconf 76' lang='lat'><strong>252.</strong></span> <span class='ocrx_word' id='word_1_256' title='bbox 595 1993 716 2038; x_wconf 80' lang='lat' dir='ltr'>Lind.)</span> <span class='ocrx_word' id='word_1_257' title='bbox 742 1994 835 2028; x_wconf 89' lang='lat' dir='ltr'>hunc</span> <span class='ocrx_word' id='word_1_258' title='bbox 858 1995 974 2028; x_wconf 80' lang='lat' dir='ltr'>locum</span> <span class='ocrx_word' id='word_1_259' title='bbox 999 1994 1050 2028; x_wconf 87' lang='lat' dir='ltr'>ita</span> <span class='ocrx_word' id='word_1_260' title='bbox 1075 1993 1202 2027; x_wconf 71' lang='lat' dir='ltr'>refert:</span> <span class='ocrx_word' id='word_1_261' title='bbox 1223 2002 1393 2036; x_wconf 72' lang='lat' dir='ltr'>proxuma</span> <span class='ocrx_word' id='word_1_262' title='bbox 1413 1988 1565 2024; x_wconf 75' lang='lat' dir='ltr'>cartha-</span> 
     </span>
     <span class='ocr_line' id='line_1_28' title="bbox 166 2045 1565 2100; baseline -0.006 -12"><span class='ocrx_word' id='word_1_263' title='bbox 166 2055 272 2100; x_wconf 78' lang='lat' dir='ltr'>gine,</span> <span class='ocrx_word' id='word_1_264' title='bbox 295 2055 388 2098; x_wconf 85' lang='lat' dir='ltr'>quod</span> <span class='ocrx_word' id='word_1_265' title='bbox 413 2054 562 2089; x_wconf 82' lang='lat' dir='ltr'>mirifice</span> <span class='ocrx_word' id='word_1_266' title='bbox 586 2065 608 2088; x_wconf 90' lang='lat' dir='ltr'>a</span> <span class='ocrx_word' id='word_1_267' title='bbox 631 2055 783 2099; x_wconf 81' lang='lat' dir='ltr'>vulgata</span> <span class='ocrx_word' id='word_1_268' title='bbox 804 2054 990 2099; x_wconf 83' lang='lat' dir='ltr'>discrepat.</span> <span class='ocrx_word' id='word_1_269' title='bbox 1048 2054 1167 2098; x_wconf 81' lang='lat' dir='ltr'>Quum</span> <span class='ocrx_word' id='word_1_270' title='bbox 1201 2055 1321 2086; x_wconf 74' lang='lat' dir='ltr'>autem</span> <span class='ocrx_word' id='word_1_271' title='bbox 1347 2049 1449 2084; x_wconf 85' lang='lat' dir='ltr'>nullo</span> <span class='ocrx_word' id='word_1_272' title='bbox 1476 2045 1565 2082; x_wconf 83' lang='lat' dir='ltr'>scri-</span> 
     </span>
     <span class='ocr_line' id='line_1_29' title="bbox 167 2107 1566 2161; baseline -0.006 -13"><span class='ocrx_word' id='word_1_273' title='bbox 167 2120 306 2160; x_wconf 80' lang='lat' dir='ltr'>ptorum</span> <span class='ocrx_word' id='word_1_274' title='bbox 330 2118 490 2160; x_wconf 84' lang='lat' dir='ltr'>exemplo</span> <span class='ocrx_word' id='word_1_275' title='bbox 522 2120 656 2152; x_wconf 85' lang='lat' dir='ltr'>constet</span> <span class='ocrx_word' id='word_1_276' title='bbox 687 2116 830 2152; x_wconf 86' lang='lat' dir='ltr'>Latinos</span> <span class='ocrx_word' id='word_1_277' title='bbox 858 2117 1036 2161; x_wconf 76' lang='lat' dir='ltr'>proximus</span> <span class='ocrx_word' id='word_1_278' title='bbox 1059 2127 1142 2150; x_wconf 86' lang='lat' dir='ltr'>cum</span> <span class='ocrx_word' id='word_1_279' title='bbox 1166 2113 1323 2149; x_wconf 73' lang='lat' dir='ltr'>ablativo</span> <span class='ocrx_word' id='word_1_280' title='bbox 1347 2107 1566 2145; x_wconf 83' lang='lat' dir='ltr'>coniunxisse</span> 
     </span>
     <span class='ocr_line' id='line_1_30' title="bbox 168 2167 1565 2221; baseline -0.005 -11"><span class='ocrx_word' id='word_1_281' title='bbox 168 2178 402 2221; x_wconf 85' lang='lat' dir='ltr'>(quamquam</span> <span class='ocrx_word' id='word_1_282' title='bbox 426 2178 577 2212; x_wconf 78' lang='lat' dir='ltr'>fortasse</span> <span class='ocrx_word' id='word_1_283' title='bbox 600 2178 664 2213; x_wconf 85' lang='lat' dir='ltr'>iste</span> <span class='ocrx_word' id='word_1_284' title='bbox 687 2189 787 2213; x_wconf 82' lang='lat' dir='ltr'>casus</span> <span class='ocrx_word' id='word_1_285' title='bbox 812 2177 951 2212; x_wconf 80' lang='lat' dir='ltr'>defendi</span> <span class='ocrx_word' id='word_1_286' title='bbox 974 2177 1101 2221; x_wconf 79' lang='lat' dir='ltr'>possit,</span> <span class='ocrx_word' id='word_1_287' title='bbox 1135 2177 1165 2210; x_wconf 82' lang='lat' dir='ltr'>si</span> <span class='ocrx_word' id='word_1_288' title='bbox 1197 2178 1329 2210; x_wconf 79' lang='lat' dir='ltr'>statuas</span> <span class='ocrx_word' id='word_1_289' title='bbox 1360 2167 1565 2216; x_wconf 74' lang='lat' dir='ltr'>propinqui-</span> 
     </span>
     <span class='ocr_line' id='line_1_31' title="bbox 167 2223 1580 2283; baseline -0.006 -11"><span class='ocrx_word' id='word_1_290' title='bbox 167 2237 248 2272; x_wconf 82' lang='lat' dir='ltr'>tatis</span> <span class='ocrx_word' id='word_1_291' title='bbox 268 2237 445 2272; x_wconf 79' lang='lat' dir='ltr'>notionem</span> <span class='ocrx_word' id='word_1_292' title='bbox 469 2239 604 2283; x_wconf 81' lang='lat' dir='ltr'>concipi</span> <span class='ocrx_word' id='word_1_293' title='bbox 629 2251 697 2274; x_wconf 91' lang='lat' dir='ltr'>non</span> <span class='ocrx_word' id='word_1_294' title='bbox 721 2243 890 2283; x_wconf 82' lang='lat' dir='ltr'>quatenus</span> <span class='ocrx_word' id='word_1_295' title='bbox 916 2239 1094 2273; x_wconf 82' lang='lat' dir='ltr'>acceditur</span> <span class='ocrx_word' id='word_1_296' title='bbox 1117 2238 1162 2272; x_wconf 85' lang='lat' dir='ltr'>ad</span> <span class='ocrx_word' id='word_1_297' title='bbox 1185 2237 1322 2276; x_wconf 90' lang='lat' dir='ltr'>locum,</span> <span class='ocrx_word' id='word_1_298' title='bbox 1355 2233 1417 2268; x_wconf 81' lang='lat' dir='ltr'>sed</span> <span class='ocrx_word' id='word_1_299' title='bbox 1440 2223 1580 2276; x_wconf 80' lang='lat' dir='ltr'>quate-&#39;</span> 
     </span>
     <span class='ocr_line' id='line_1_32' title="bbox 160 2296 1566 2344; baseline -0.006 -10"><span class='ocrx_word' id='word_1_300' title='bbox 160 2311 233 2334; x_wconf 75' lang='lat' dir='ltr'>nus</span> <span class='ocrx_word' id='word_1_301' title='bbox 258 2299 448 2334; x_wconf 80' lang='lat' dir='ltr'>disceditur</span> <span class='ocrx_word' id='word_1_302' title='bbox 462 2301 506 2334; x_wconf 81' lang='lat' dir='ltr'>ab</span> <span class='ocrx_word' id='word_1_303' title='bbox 526 2301 620 2344; x_wconf 89' lang='lat' dir='ltr'>loco,</span> <span class='ocrx_word' id='word_1_304' title='bbox 645 2305 684 2335; x_wconf 90' lang='lat' dir='ltr'>ut</span> <span class='ocrx_word' id='word_1_305' title='bbox 707 2300 742 2335; x_wconf 87' lang='lat' dir='ltr'>in</span> <span class='ocrx_word' id='word_1_306' title='bbox 776 2300 965 2334; x_wconf 80' lang='lat' dir='ltr'>vernacula</span> <span class='ocrx_word' id='word_1_307' title='bbox 995 2299 1066 2333; x_wconf 90' lang='lat' dir='ltr'>dici</span> <span class='ocrx_word' id='word_1_308' title='bbox 1097 2301 1212 2343; x_wconf 79' lang='lat' dir='ltr'>potest</span> <span class='ocrx_word' id='word_1_309' title='bbox 1241 2296 1334 2331; x_wconf 79' lang='lat' dir='ltr'>nahe</span> <span class='ocrx_word' id='word_1_310' title='bbox 1358 2305 1426 2328; x_wconf 75' lang='lat' dir='ltr'>oon</span> <span class='ocrx_word' id='word_1_311' title='bbox 1457 2297 1566 2327; x_wconf 65' lang='lat' dir='ltr'>etwas</span> 
     </span>
     <span class='ocr_line' id='line_1_33' title="bbox 168 2357 1563 2405; baseline 0.001 -12"><span class='ocrx_word' id='word_1_312' title='bbox 168 2361 248 2404; x_wconf 80' lang='lat' dir='ltr'>ab),</span> <span class='ocrx_word' id='word_1_313' title='bbox 284 2359 495 2395; x_wconf 80' lang='lat' dir='ltr'>Arusianum</span> <span class='ocrx_word' id='word_1_314' title='bbox 530 2373 598 2396; x_wconf 90' lang='lat' dir='ltr'>non</span> <span class='ocrx_word' id='word_1_315' title='bbox 628 2362 713 2396; x_wconf 88' lang='lat' dir='ltr'>satis</span> <span class='ocrx_word' id='word_1_316' title='bbox 747 2361 933 2396; x_wconf 89' lang='lat' dir='ltr'>emendato</span> <span class='ocrx_word' id='word_1_317' title='bbox 961 2361 1120 2405; x_wconf 80' lang='lat' dir='ltr'>exemplo</span> <span class='ocrx_word' id='word_1_318' title='bbox 1145 2360 1330 2403; x_wconf 83' lang='lat' dir='ltr'>deceptum</span> <span class='ocrx_word' id='word_1_319' title='bbox 1351 2357 1457 2400; x_wconf 81' lang='lat' dir='ltr'>put⁰3</span> <span class='ocrx_word' id='word_1_320' title='bbox 1479 2363 1563 2388; x_wconf 64' lang='lat'>¹¹8⁸!</span> 
     </span>
     <span class='ocr_line' id='line_1_34' title="bbox 173 2416 1563 2467; baseline -0.006 -12"><span class='ocrx_word' id='word_1_321' title='bbox 173 2421 216 2455; x_wconf 88' lang='grc' dir='ltr'><strong>Μ</strong></span> <span class='ocrx_word' id='word_1_322' title='bbox 247 2420 364 2456; x_wconf 76' lang='lat' dir='ltr'>littera</span> <span class='ocrx_word' id='word_1_323' title='bbox 397 2423 503 2456; x_wconf 84' lang='lat' dir='ltr'>facile</span> <span class='ocrx_word' id='word_1_324' title='bbox 535 2422 718 2457; x_wconf 82' lang='lat' dir='ltr'>absorberi</span> <span class='ocrx_word' id='word_1_325' title='bbox 750 2421 876 2467; x_wconf 82' lang='lat' dir='ltr'>potuit.</span> <span class='ocrx_word' id='word_1_326' title='bbox 931 2422 1030 2456; x_wconf 87' lang='lat' dir='ltr'>Idem</span> <span class='ocrx_word' id='word_1_327' title='bbox 1063 2421 1157 2455; x_wconf 88' lang='lat' dir='ltr'>valet</span> <span class='ocrx_word' id='word_1_328' title='bbox 1187 2420 1232 2453; x_wconf 88' lang='lat' dir='ltr'>de</span> <span class='ocrx_word' id='word_1_329' title='bbox 1265 2419 1374 2452; x_wconf 82' lang='lat' dir='ltr'>altero</span> <span class='ocrx_word' id='word_1_330' title='bbox 1398 2416 1495 2456; x_wconf 87' lang='lat' dir='ltr'>loco,</span> <span class='ocrx_word' id='word_1_331' title='bbox 1520 2423 1563 2448; x_wconf 84' lang='lat' dir='ltr'>ex</span> 
     </span>
     <span class='ocr_line' id='line_1_35' title="bbox 167 2472 1563 2528; baseline -0.004 -11"><span class='ocrx_word' id='word_1_332' title='bbox 167 2483 246 2528; x_wconf 83' lang='lat' dir='ltr'>lug.</span> <span class='ocrx_word' id='word_1_333' title='bbox 263 2494 294 2517; x_wconf 85' lang='lat' dir='ltr'>c.</span> <span class='ocrx_word' id='word_1_334' title='bbox 310 2483 413 2524; x_wconf 82' lang='lat' dir='ltr'>xlx,</span> <span class='ocrx_word' id='word_1_335' title='bbox 439 2483 474 2517; x_wconf 85' lang='lat'>5.</span> <span class='ocrx_word' id='word_1_336' title='bbox 497 2484 543 2517; x_wconf 87' lang='lat' dir='ltr'>ab</span> <span class='ocrx_word' id='word_1_337' title='bbox 566 2484 691 2518; x_wconf 87' lang='lat' dir='ltr'>eodem</span> <span class='ocrx_word' id='word_1_338' title='bbox 714 2483 765 2518; x_wconf 86' lang='lat' dir='ltr'>sic</span> <span class='ocrx_word' id='word_1_339' title='bbox 789 2484 923 2518; x_wconf 83' lang='lat' dir='ltr'>allato:</span> <span class='ocrx_word' id='word_1_340' title='bbox 946 2482 1160 2527; x_wconf 77' lang='lat' dir='ltr'>proxumi</span> <span class='ocrx_word' id='word_1_341' title='bbox 1184 2477 1418 2523; x_wconf 70' lang='lat' dir='ltr'>Hispania</span> <span class='ocrx_word' id='word_1_342' title='bbox 1444 2472 1563 2509; x_wconf 74' lang='lat' dir='ltr'>Mauri</span> 
     </span>
     <span class='ocr_line' id='line_1_36' title="bbox 167 2533 1564 2589; baseline -0.005 -13"><span class='ocrx_word' id='word_1_343' title='bbox 167 2548 271 2585; x_wconf 77' lang='lat' dir='ltr'>sunt,</span> <span class='ocrx_word' id='word_1_344' title='bbox 305 2554 372 2588; x_wconf 84' lang='lat' dir='ltr'>pro</span> <span class='ocrx_word' id='word_1_345' title='bbox 405 2554 475 2587; x_wconf 85' lang='lat' dir='ltr'>quo</span> <span class='ocrx_word' id='word_1_346' title='bbox 507 2544 608 2578; x_wconf 88' lang='lat' dir='ltr'>codd.</span> <span class='ocrx_word' id='word_1_347' title='bbox 637 2555 806 2589; x_wconf 80' lang='lat' dir='ltr'>proxume</span> <span class='ocrx_word' id='word_1_348' title='bbox 831 2544 1043 2588; x_wconf 78' lang='lat' dir='ltr'>Hispaniam</span> <span class='ocrx_word' id='word_1_349' title='bbox 1075 2543 1220 2576; x_wconf 87' lang='lat' dir='ltr'>habent.</span> <span class='ocrx_word' id='word_1_350' title='bbox 1266 2541 1306 2574; x_wconf 78' lang='lat' dir='ltr'>In</span> <span class='ocrx_word' id='word_1_351' title='bbox 1329 2538 1388 2573; x_wconf 85' lang='lat' dir='ltr'>his</span> <span class='ocrx_word' id='word_1_352' title='bbox 1410 2540 1449 2571; x_wconf 92' lang='lat' dir='ltr'>ut</span> <span class='ocrx_word' id='word_1_353' title='bbox 1471 2533 1564 2570; x_wconf 82' lang='lat' dir='ltr'>nihil</span> 
     </span>
     <span class='ocr_line' id='line_1_37' title="bbox 166 2597 1562 2649; baseline -0.005 -11"><span class='ocrx_word' id='word_1_354' title='bbox 166 2604 390 2639; x_wconf 83' lang='lat' dir='ltr'>tribuendum</span> <span class='ocrx_word' id='word_1_355' title='bbox 412 2607 497 2649; x_wconf 82' lang='lat' dir='ltr'>puto</span> <span class='ocrx_word' id='word_1_356' title='bbox 520 2603 718 2639; x_wconf 83' lang='lat' dir='ltr'>testimonio</span> <span class='ocrx_word' id='word_1_357' title='bbox 741 2605 784 2638; x_wconf 84' lang='lat' dir='ltr'>de</span> <span class='ocrx_word' id='word_1_358' title='bbox 808 2604 965 2639; x_wconf 84' lang='lat' dir='ltr'>ablativo</span> <span class='ocrx_word' id='word_1_359' title='bbox 989 2614 1093 2644; x_wconf 82' lang='lat' dir='ltr'>casu,</span> <span class='ocrx_word' id='word_1_360' title='bbox 1126 2602 1179 2637; x_wconf 90' lang='lat' dir='ltr'>ita</span> <span class='ocrx_word' id='word_1_361' title='bbox 1201 2613 1272 2636; x_wconf 90' lang='lat' dir='ltr'>non</span> <span class='ocrx_word' id='word_1_362' title='bbox 1295 2603 1348 2634; x_wconf 86' lang='lat' dir='ltr'>est</span> <span class='ocrx_word' id='word_1_363' title='bbox 1373 2610 1439 2633; x_wconf 82' lang='lat' dir='ltr'>cnr</span> <span class='ocrx_word' id='word_1_364' title='bbox 1461 2597 1562 2632; x_wconf 79' lang='lat' dir='ltr'>adie-</span> 
     </span>
     <span class='ocr_line' id='line_1_38' title="bbox 166 2661 1560 2710; baseline -0.004 -12"><span class='ocrx_word' id='word_1_365' title='bbox 166 2664 296 2699; x_wconf 76' lang='lat' dir='ltr'>ctivum</span> <span class='ocrx_word' id='word_1_366' title='bbox 319 2676 384 2710; x_wconf 84' lang='lat' dir='ltr'>pro</span> <span class='ocrx_word' id='word_1_367' title='bbox 406 2665 571 2700; x_wconf 75' lang='lat' dir='ltr'>adverbio</span> <span class='ocrx_word' id='word_1_368' title='bbox 591 2665 789 2699; x_wconf 79' lang='lat' dir='ltr'>exhibitum</span> <span class='ocrx_word' id='word_1_369' title='bbox 811 2676 876 2709; x_wconf 81' lang='lat' dir='ltr'>pro</span> <span class='ocrx_word' id='word_1_370' title='bbox 899 2665 991 2699; x_wconf 80' lang='lat' dir='ltr'>falso</span> <span class='ocrx_word' id='word_1_371' title='bbox 1022 2664 1198 2706; x_wconf 82' lang='lat' dir='ltr'>habeam,</span> <span class='ocrx_word' id='word_1_372' title='bbox 1221 2661 1428 2707; x_wconf 83' lang='lat' dir='ltr'>praesertim</span> <span class='ocrx_word' id='word_1_373' title='bbox 1451 2670 1560 2704; x_wconf 80' lang='lat' dir='ltr'>quum</span> 
     </span>
     <span class='ocr_line' id='line_1_39' title="bbox 165 2723 1559 2770; baseline -0.002 -12"><span class='ocrx_word' id='word_1_374' title='bbox 165 2725 265 2758; x_wconf 83' lang='lat' dir='ltr'>codd.</span> <span class='ocrx_word' id='word_1_375' title='bbox 290 2725 359 2759; x_wconf 85' lang='lat' dir='ltr'>hoc</span> <span class='ocrx_word' id='word_1_376' title='bbox 384 2725 527 2770; x_wconf 84' lang='lat' dir='ltr'>quidem</span> <span class='ocrx_word' id='word_1_377' title='bbox 548 2725 626 2760; x_wconf 89' lang='lat' dir='ltr'>loco</span> <span class='ocrx_word' id='word_1_378' title='bbox 649 2737 718 2760; x_wconf 89' lang='lat' dir='ltr'>non</span> <span class='ocrx_word' id='word_1_379' title='bbox 752 2727 857 2770; x_wconf 84' lang='lat' dir='ltr'>plane</span> <span class='ocrx_word' id='word_1_380' title='bbox 879 2735 1079 2770; x_wconf 80' lang='lat' dir='ltr'>repugnare</span> <span class='ocrx_word' id='word_1_381' title='bbox 1103 2724 1297 2758; x_wconf 81' lang='lat' dir='ltr'>videantur.</span> <span class='ocrx_word' id='word_1_382' title='bbox 1336 2723 1426 2757; x_wconf 85' lang='lat' dir='ltr'>Nam</span> <span class='ocrx_word' id='word_1_383' title='bbox 1450 2731 1559 2766; x_wconf 84' lang='lat' dir='ltr'>quum</span> 
     </span>
     <span class='ocr_line' id='line_1_40' title="bbox 164 2781 1560 2832; baseline -0.003 -12"><span class='ocrx_word' id='word_1_384' title='bbox 164 2785 326 2822; x_wconf 80' lang='lat' dir='ltr'>Wassins</span> <span class='ocrx_word' id='word_1_385' title='bbox 349 2787 453 2822; x_wconf 85' lang='lat' dir='ltr'>tacite</span> <span class='ocrx_word' id='word_1_386' title='bbox 475 2786 637 2822; x_wconf 82' lang='lat' dir='ltr'>edidisset</span> <span class='ocrx_word' id='word_1_387' title='bbox 658 2798 829 2832; x_wconf 70' lang='lat' dir='ltr'>proxuma</span> <span class='ocrx_word' id='word_1_388' title='bbox 853 2787 1125 2832; x_wconf 79' lang='lat' dir='ltr'>Carthaginem,</span> <span class='ocrx_word' id='word_1_389' title='bbox 1149 2783 1444 2830; x_wconf 77' lang='lat' dir='ltr'>quemadmodum</span> <span class='ocrx_word' id='word_1_390' title='bbox 1468 2781 1560 2826; x_wconf 77' lang='lat' dir='ltr'>apud</span> 
     </span>
    </p>
   </div>
  </div>
 </body>
</html>
