1702 2982
208 187 292 229 112
583 186 627 228 (3.
659 186 982 229 SALLUSTI
1013 187 1236 231 CRISPI

169 301 344 362 6copia
379 306 496 354 erat3
527 317 652 347 mare
683 318 902 364 magnum
938 311 983 348 et
1017 305 1174 365 ignara
1201 305 1355 366 lingua
1383 322 1608 352 commer-

175 392 284 449 7cia
317 398 633 460 prohibebant.
694 400 756 444 Hi
790 401 1023 461 paullatim
1058 418 1144 463 per
1178 404 1400 448 connubia
1435 403 1608 448 Gaetu-

210 497 277 542 los
315 511 467 542 secum
512 497 756 555 miscuere,
798 504 843 543 et
888 499 993 558 quia
1039 516 1176 562 saepe
1220 507 1439 546 tentantes
1473 516 1608 561 agros

301 649 336 690 §.
368 646 403 682 6.
451 657 548 680 mare
581 647 779 692 magnum]
815 646 1006 682 Putschius
1037 659 1206 694 magnum
1240 659 1428 694 perperam
1458 649 1609 693 explicat

209 719 368 749 saevum,
403 707 673 752 importuosum,
706 708 866 742 seductus
897 709 976 753 Iug-
1006 709 1204 752 LXXVIII,
1238 710 1274 745 3.
1303 711 1362 745 ubi
1387 721 1486 745 mare
1513 712 1606 744 mass

207 780 342 814 gnum
373 780 476 803 esse
501 774 534 803 et
569 770 706 803 saevire
733 769 845 803 ventis
873 770 986 814 coepit
995 782 1010 811 ,·
1042 782 1112 805 non
1142 769 1233 805 vidit
1265 770 1359 805 enim
1391 771 1502 806 aliam
1532 783 1608 806 esse

208 830 370 874 epitheti,
406 830 515 864 aliam
550 830 744 874 praedicati
777 829 862 864 vim.
894 831 1016 874 Aeque
1047 832 1180 866 absona
1202 832 1330 877 Langii
1347 837 1401 867 est
1421 833 1607 873 sententia,

205 891 266 935 qui
291 903 461 937 magnum
483 892 593 925 maris
615 891 708 927 inter
730 890 936 925 Numidiam
951 883 1404 937 Hispaniamque‘spatium
1427 893 1606 939 designari

204 957 317 996 putat.
355 953 450 997 Quin
492 951 608 996 potius
638 952 815 985 Oceanum
847 952 922 986 sive
955 964 1055 987 mare
1089 954 1307 988 Atlanticum
1337 954 1604 1000 intelligendum

205 1026 301 1055 esse,
328 1019 363 1048 et
387 1012 553 1056 loquendi
577 1024 661 1047 usus
686 1013 855 1055 ostendit,
890 1014 983 1058 qued
1008 1013 1080 1048 iam
1105 1026 1127 1048 a
1153 1014 1273 1049 Cottio
1297 1015 1540 1058 observatum,
1569 1019 1606 1052 et

204 1086 261 1109 res
293 1074 372 1118 ipsa
403 1075 612 1108 documento
645 1078 708 1107 est.
750 1074 822 1107 Cic.
848 1073 968 1108 Somn.
995 1074 1091 1119 Scip.
1116 1087 1146 1108 c.
1172 1075 1231 1108 w.
1254 1080 1350 1110 terra
1364 1089 1481 1122 parva
1497 1089 1605 1122 quae-

204 1136 289 1170 dam
315 1137 430 1170 insula
455 1141 526 1175 est;
559 1135 771 1178 circumfusa
801 1136 861 1169 illo
889 1136 1023 1176 mari,
1048 1136 1140 1179 quod
1166 1137 1489 1180 Atlanticum,
1512 1138 1604 1184 quod

203 1203 448 1241 magnum,
486 1197 578 1242 quod
625 1208 845 1230 oceanum
885 1197 1071 1241 appellatis
1112 1197 1150 1230 in
1192 1198 1305 1232 terris.
1339 1199 1473 1234 Seneca
1504 1199 1603 1235 Nau.

201 1257 361 1300 Quaestt.
392 1258 458 1300 vl,
490 1257 524 1291 6.
561 1257 691 1290 Thales
723 1257 882 1290 Milesius
915 1263 1029 1292 totam
1052 1263 1183 1291 terram
1206 1259 1358 1293 subiecto
1381 1261 1515 1295 iudicat
1538 1260 1601 1294 hu·

202 1329 297 1353 more
316 1319 455 1364 portari
480 1324 514 1354 et
551 1319 737 1359 innatare,
769 1319 842 1351 sive
876 1319 966 1352 illud
997 1330 1214 1352 oceanum
1247 1331 1370 1362 vocas,
1401 1321 1475 1355 eive
1505 1332 1602 1354 ma-

201 1391 340 1425 gnum
364 1391 499 1414 mare.
525 1381 579 1413 De
603 1390 644 1413 eo
663 1383 781 1412 autem
799 1378 898 1422 loqui
916 1378 1126 1413 Sallustium
1142 1384 1238 1423 patet
1257 1392 1299 1414 ex
1323 1380 1380 1422 iis,
1401 1392 1493 1424 quae
1515 1383 1547 1424 §.
1565 1379 1601 1418 5.

201 1441 247 1474 de
270 1452 375 1474 cursu
396 1441 599 1475 Persarum⁴
614 1440 827 1474 monuimus.
849 1459 896 1465 —
919 1442 1010 1475 Ante
1041 1453 1139 1475 marc
1173 1442 1210 1476 in
1241 1442 1363 1476 Guelf.
1393 1441 1430 1476 1.
1461 1441 1602 1476 additur

201 1506 261 1544 et,
285 1501 404 1536 Cottio
428 1501 544 1535 iudice
565 1502 662 1536 haud
685 1502 800 1544 male,
825 1500 883 1534 cui
905 1512 975 1535 non
998 1512 1180 1547 repugno,
1206 1514 1317 1546 quum
1340 1502 1410 1536 hac
1425 1501 1600 1546 particula

123 1576 135 1586 ⁷
199 1574 306 1607 saepe
328 1562 590 1598 enunciationes
612 1562 846 1608 explicativae
868 1563 1149 1598 antecedentibus
1177 1564 1369 1605 addentia-3
1391 1574 1425 1597 v,
1449 1563 1496 1597 ad
1519 1563 1598 1598 Cat.
1627 1551 1629 1556 V

201 1625 298 1666 XIX,
321 1624 355 1659 2.
380 1624 450 1658 Sed
473 1635 541 1658 non
565 1622 683 1658 minus
707 1623 839 1657 usitata
862 1626 912 1657 est
936 1623 1063 1657 talium
1087 1623 1371 1658 enunciationum
1397 1619 1600 1664 ἀσύνδετος

199 1685 317 1730 ratio,
352 1686 396 1719 de
431 1696 502 1729 qua
524 1684 677 1718 diximus
700 1685 745 1719 ad
770 1685 846 1719 Cat.
871 1685 1044 1729 xxxix,
1068 1684 1104 1719 4.
1129 1697 1163 1729 p.
1188 1684 1270 1719 184.
1293 1706 1340 1712 —
1358 1685 1495 1730 Ignara
1517 1696 1599 1729 pne-

199 1746 275 1781 sive
297 1757 361 1790 pro
384 1746 589 1791 incognita3
613 1746 659 1781 cf.
683 1745 766 1790 Iug.
791 1745 854 1779 LII
863 1769 874 1787 ‚
899 1745 934 1780 4.
958 1746 1059 1790 regio
1083 1747 1238 1781 hostibus
1261 1747 1342 1792 ign
1353 1758 1447 1780 ara.
1473 1746 1599 1789 xcul,

198 1807 234 1842 3.
277 1807 402 1852 cupido
445 1807 526 1852 ign
536 1819 617 1842 ara
656 1807 806 1841 visundi.
852 1806 954 1846 ctu,
999 1808 1034 1842 6.
1079 1808 1261 1841 etiamtum
1296 1807 1443 1851 largitio
1477 1807 1599 1841 mauis

198 1869 280 1914 ign
292 1880 385 1903 ara.
407 1868 584 1903 Nonnulla
603 1868 720 1903 Taciti
743 1867 904 1911 exempla
926 1867 999 1901 iam
1023 1867 1244 1901 laudavimus
1267 1867 1312 1901 ad
1336 1868 1412 1901 Cat.
1436 1868 1480 1909 X,
1505 1867 1537 1902 5.
1562 1879 1596 1911 p.

197 1929 256 1964 54.
289 1931 342 1964 Ex
373 1931 496 1964 eodem
531 1941 662 1975 genere
692 1933 768 1970 est,
801 1928 895 1973 quod
918 1927 1011 1963 idem
1038 1940 1174 1973 gnarus
1198 1928 1337 1972 passive
1359 1932 1527 1972 usurpat,
1553 1927 1597 1962 de

196 2003 267 2038 quo
291 2004 325 2029 v.
348 1991 507 2036 Lipsium
530 1990 576 2026 ad
598 1990 737 2024 Annall.
759 1991 799 2032 1,
823 1989 868 2032 5,
893 1990 928 2025 2.
953 1990 1084 2024 Mureti
1109 1990 1179 2023 ΠΖ
1204 1989 1273 2024 LI..
1298 1988 1370 2030 XI,
1394 1988 1429 2022 2.

291 2055 324 2095 §.
347 2052 383 2088 ⁷.
435 2053 601 2087 Gaetulos
625 2063 740 2086 secum
763 2052 944 2095 miscuere]
971 2053 1094 2085 Secum
1111 2051 1210 2085 abest
1225 2061 1248 2085 a
1269 2050 1388 2084 Guelf.
1412 2048 1446 2083 4.
1463 2049 1593 2084 Arond.

196 2118 231 2149 et
261 2115 372 2158 Reg.;
404 2114 440 2148 in
473 2114 620 2149 Eccard.
653 2123 686 2147 a.
720 2124 768 2148 m.
801 2124 871 2148 sec.
894 2117 947 2147 est
973 2113 1133 2147 Gaetulis
1155 2112 1323 2146 miscuere
1346 2122 1408 2152 se,·
1435 2109 1473 2144 in
1498 2110 1593 2145 Med.

196 2174 255 2209 11.
280 2186 318 2209 se
345 2175 502 2209 Gaetulis
527 2175 646 2215 misc.,·
667 2174 704 2208 in
728 2173 850 2211 Struv.
875 2170 916 2209 et'
931 2175 1037 2208 Bern.
1061 2173 1095 2208 3.
1122 2173 1288 2208 Gaetulos
1311 2172 1377 2207 sibi
1401 2172 1594 2213 miscuere,-

193 2235 320 2271 relicui
344 2235 386 2270 in
405 2236 552 2282 vulgata
574 2235 794 2280 conspirant,
818 2246 926 2280 quam
949 2235 1040 2270 nihil
1063 2235 1167 2279 plane
1197 2238 1249 2268 eet
1281 2244 1345 2268 cur
1378 2234 1592 2268 deseramus.

195 2297 335 2332 curtius
369 2302 487 2331 tamen
518 2296 726 2342 pronomine
760 2296 892 2332 omisso
923 2296 1064 2341 scripsit
1097 2297 1265 2331 Gaetulos
1287 2296 1472 2338 miscuere,
1497 2293 1591 2337 quod

195 2357 408 2392 obscuritate
434 2358 642 2403 impeditum
667 2358 726 2392 vix
750 2369 832 2393 eum
856 2370 996 2393 sensum
1020 2357 1081 2402 qui
1104 2357 1139 2391 in
1165 2357 1314 2401 vulgata
1337 2356 1442 2396 inest,
1467 2358 1507 2388 ut
1530 2354 1592 2388 ille

193 2419 294 2461 vult,
325 2419 463 2453 habere
489 2423 614 2463 potest.
647 2419 777 2464 Melius
805 2420 850 2454 ad
880 2431 1020 2454 sensum
1053 2418 1159 2462 Bipp.
1194 2418 1260 2451 sibi
1282 2420 1506 2459 receperunt,
1530 2408 1591 2451 sed

191 2479 271 2515 sive
295 2479 423 2514 idonea
446 2479 546 2514 codd.
573 2471 794 2514 auctoritate.
818 2497 863 2506 —
892 2481 1148 2514 Tentantes
1171 2488 1303 2522 agros,
1334 2487 1383 2511 sc.
1408 2487 1492 2510 num
1525 2476 1590 2510 ba-

192 2541 338 2575 bitando
365 2544 400 2574 et
422 2540 587 2586 frugibus
619 2540 772 2574 ferendis
805 2538 925 2574 idonei
956 2543 1080 2573 essent.
1112 2540 1231 2582 Inepte
1262 2537 1371 2582 igitur
1393 2536 1591 2572 Palmerius

194 2601 344 2636 coniecit
367 2601 564 2644 tendentes,
591 2612 639 2634 sc.
665 2600 817 2635 tentoria
846 2601 903 2633 vel
934 2600 1104 2644 mapalia.
1135 2619 1181 2624 —-—
1214 2599 1318 2640 Atia,
1356 2598 1482 2632 deinde
1513 2598 1589 2632 alia
1626 2625 1629 2627 μ

195 2661 272 2695 loca
296 2661 381 2696 satis
407 2661 534 2704 multi,
557 2661 594 2695 in
618 2661 730 2704 iisque
754 2660 879 2705 optimi
903 2661 1003 2696 codd.
1029 2663 1168 2700 tenent,
1194 2664 1232 2693 ut
1256 2659 1338 2694 Bas.
1363 2659 1396 2693 1.
1422 2659 1529 2694 Fabr.
1553 2659 1588 2694 1.

193 2721 230 2757 2.
265 2723 357 2768 Teg.
381 2724 454 2757 Erl.
480 2722 631 2756 Goerlit.
659 2722 755 2757 Leid.
788 2723 828 2757 L.
863 2723 903 2756 B.
929 2721 968 2757 C.
994 2723 1038 2756 D.
1062 2722 1104 2755 E.
1129 2721 1171 2754 F,
1197 2721 1240 2757 G.
1266 2721 1312 2754 K.
1335 2720 1454 2754 StruV.
1479 2720 1587 2755 Acad-

196 2783 347 2820 Eccard.
379 2795 438 2817 sex
475 2783 608 2818 Gnelff.
640 2783 743 2817 Misn.
777 2782 889 2817 Paris.
923 2783 958 2818 b.
985 2795 1016 2819 c.
1040 2794 1074 2817 x.
1102 2794 1133 2816 z.
1169 2782 1207 2816 ln
1231 2781 1312 2816 aliis
1337 2782 1488 2816 alterum
1511 2782 1587 2816 alia
