1702 2982
211 183 269 225 lo
591 179 636 224 C.
666 180 781 226 SAL
793 180 986 226 LUSTI
1017 181 1259 258 GRISPI·

211 298 255 343 vi
291 297 474 357 quidem
509 313 672 360 regere
701 300 894 360 patriam
921 304 999 345 aut
1026 306 1238 361 parentes
1265 315 1540 361 quamquam
1570 309 1616 349 et

211 396 379 457 possis,
435 401 481 441 et
523 396 688 442 delicta
734 398 960 461 corrigas,
1004 403 1158 444 tamen
1191 398 1499 462 importunum
1533 406 1617 458 est,

210 517 359 564 gravius
386 520 439 552 est
465 517 536 554 tuti
563 529 633 553 non
659 518 752 554 nude
778 530 856 554 esse
880 518 1037 564 dictum,
1069 517 1131 554 sed
1149 521 1269 566 ntique
1288 521 1461 566 particula
1478 522 1617 568 augeri,

211 579 256 612 de
271 577 370 613 cuius
389 579 619 614 confirmandi
637 583 804 626 potestate
822 592 858 615 v.
877 581 1130 615 Frotscherum
1157 583 1202 616 ad
1223 580 1391 627 Quinctil.
1411 582 1465 626 X,
1489 581 1533 626 2,
1558 581 1617 616 1⁰.

214 641 326 674 Tutus
353 640 437 684 quid
454 639 628 686 significet
655 641 909 686 explicavimus
933 641 1030 676 infra
1047 642 1093 677 ad
1119 654 1150 677 c.
1172 643 1401 687 Lxxxvm,
1425 642 1463 683 2.
1506 643 1618 678 Pne-

211 705 309 738 terea
329 702 403 736 iam
420 705 515 746 patet
531 713 573 735 ex
591 701 875 745 interpretatione
893 706 1027 747 nostra,
1049 705 1160 739 verba
1179 709 1243 740 aut
1259 716 1299 739 eo
1315 703 1367 740 ita
1382 715 1458 739 esse
1475 703 1617 749 capien-

212 765 270 809 da,
294 768 336 799 ut
354 769 418 798 aut
434 765 564 808 spectet
581 762 627 796 ad
645 763 873 807 supplendam
893 764 1112 807 sententiam,
1136 777 1208 809 qua
1225 766 1435 801 concedatur
1451 765 1500 809 id,
1523 766 1618 811 quod

212 830 317 862 antea
338 828 414 859 erat
428 827 615 870 negatum,
653 834 693 858 eo
714 827 831 858 autem
851 823 935 867 quid
953 823 1034 858 inde
1053 826 1310 861 consectarium
1330 826 1376 861 sit
1393 826 1542 876 indicet;
1579 837 1617 861 v.

213 888 259 924 ad
277 887 406 928 ctxx,
428 884 465 921 6.
512 884 578 918 Υἰκ
598 887 651 918 est
669 887 789 918 autem
812 885 905 928 quod
926 896 1102 929 moneam,
1126 899 1191 932 que
1212 887 1389 932 particula
1407 898 1492 922 casu
1507 887 1614 923 omis-

211 951 271 993 sa,
308 959 415 993 quarn
435 945 592 991 proclive
619 944 748 988 fuerit,
781 948 820 978 ut
837 956 879 979 ex
898 945 1046 980 vocibus
1062 948 1262 991 fnitutituti
1283 948 1432 993 vulgata
1447 948 1615 993 prodiret.

211 1010 327 1046 Nimis
349 1009 462 1055 igitur
484 1018 507 1041 a
528 1018 614 1041 vero
641 1005 822 1041 aberravit
849 1006 1063 1053 Selliugius,
1096 1007 1134 1042 iu
1157 1009 1269 1044 Lectt.
1293 1008 1382 1044 sau.
1404 1021 1438 1054 p.
1455 1009 1513 1044 19.
1537 1009 1617 1045 Sal-

210 1072 357 1108 lustium
375 1069 555 1114 scripsisse
586 1068 792 1102 coniiciens:
829 1067 957 1111 quibus
978 1080 1041 1112 per
1059 1069 1221 1104 fraudem
1237 1070 1291 1104 ius
1310 1070 1452 1105 virtutis
1470 1075 1539 1112 est,
1572 1081 1616 1106 eo

211 1134 328 1178 magis
351 1131 488 1166 honesti
511 1128 602 1164 sunt.
635 1149 682 1155 —
713 1129 861 1162 Honesti
880 1128 904 1162 i.
927 1139 957 1163 e.
976 1129 1139 1165 honorati
1146 1143 1160 1172 ‚-
1181 1142 1216 1168 V.
1237 1131 1282 1166 ad
1296 1131 1402 1166 Catil.
1422 1143 1453 1167 c.
1474 1132 1555 1175 XX,
1579 1131 1616 1168 9.

210 1208 248 1241 p.
267 1193 348 1228 102.
395 1192 443 1229 cf.
471 1191 544 1225 Cic·
573 1191 675 1225 Brut.
703 1201 735 1225 c.
763 1190 933 1233 LXXXI,
956 1190 1038 1225 281.
1079 1192 1192 1235 Quum
1218 1193 1325 1227 honos
1353 1193 1400 1228 stt
1420 1194 1617 1238 praemium

211 1255 375 1297 virtutis,
411 1253 539 1287 iudicio
559 1252 742 1296 studioque
762 1252 889 1285 civium
908 1252 1065 1287 delatum
1087 1254 1136 1287 ad
1155 1254 1326 1299 aliquem,
1361 1255 1422 1299 qni
1437 1266 1515 1289 eum
1535 1266 1617 1290 sen-

211 1317 342 1359 tentiis,
368 1315 427 1360 qui
443 1313 629 1359 suffragiis
648 1313 795 1358 adeptus
817 1317 882 1357 est,
920 1313 951 1348 is
969 1314 1057 1348 mihi
1075 1319 1109 1350 et
1131 1314 1351 1351 honestus
1374 1320 1409 1352 et
1431 1316 1615 1352 honora-

211 1383 289 1414 tus
313 1377 463 1411 videtur.

306 1441 341 1481 §.
362 1438 397 1473 2.
441 1436 598 1482 patriam
621 1439 686 1471 aut
706 1436 892 1481 parentes]
935 1436 1104 1471 Parentes
1126 1436 1250 1482 quales
1276 1437 1315 1474 h.
1341 1438 1368 1472 l.
1396 1437 1616 1484 intelligendi

213 1499 282 1536 sint
297 1499 448 1533 diximus
462 1498 506 1532 ad
528 1497 630 1532 Catil.
648 1498 708 1539 vl,
726 1495 760 1531 5.
786 1510 821 1543 p.
842 1497 899 1531 34.
921 1501 957 1533 et
974 1498 1019 1532 ad
1037 1490 1115 1543 lug.
1138 1498 1344 1541 LXXXVII,
1367 1498 1403 1533 2.
1437 1499 1617 1543 Quoniam

213 1561 308 1596 enim
333 1560 375 1594 de
399 1559 542 1604 imperio
575 1558 703 1593 iniuste
726 1558 918 1592 exercendo
951 1558 1090 1604 agitur,
1128 1558 1167 1593 in
1195 1562 1360 1604 promptu
1382 1563 1434 1594 est
1452 1565 1618 1604 parentes

213 1635 289 1658 esse
313 1621 374 1665 qui
395 1624 540 1665 parcant
571 1621 629 1654 vel
654 1619 838 1662 obediant;
885 1619 946 1664 qui
969 1631 1078 1664 quum
1098 1621 1241 1669 patriae
1262 1624 1500 1664 opponantur,
1531 1620 1558 1656 i.
1583 1631 1615 1656 e.

212 1684 423 1728 reipublicae
447 1682 534 1723 sedi,
565 1681 720 1715 relicuae
742 1684 863 1725 gentes
885 1681 1057 1715 Romanis
1081 1680 1260 1716 subiectae
1281 1679 1351 1716 ista
1372 1691 1461 1715 voce
1482 1680 1616 1727 signifi-

212 1748 349 1780 cantur.
396 1744 466 1777 Pro
491 1747 554 1777 aut
578 1741 717 1776 Coi-tius
740 1752 778 1775 se
803 1740 986 1783 profitetur
1008 1741 1116 1774 malle
1139 1746 1262 1786 atque,
1291 1741 1383 1784 quod
1407 1740 1616 1776 Gerlachius

211 1818 282 1840 non
315 1804 400 1839 satis
430 1807 524 1838 recte
546 1802 686 1837 videtur
717 1800 906 1843 refellisse,
943 1812 1089 1835 monens
1113 1805 1176 1835 aut
1202 1801 1378 1844 particula
1400 1801 1534 1845 caveri,
1571 1813 1615 1837 ne

213 1867 291 1912 quis
306 1869 442 1910 patrem
461 1864 520 1898 vel
539 1866 689 1897 matrem
713 1861 902 1906 intelligat.
949 1862 1018 1896 Sed
1041 1860 1275 1906 coniungendi
1297 1861 1412 1905 potius
1432 1873 1539 1906 quam
1558 1874 1615 1898 ex-

213 1926 378 1962 cludendi
401 1925 475 1959 vim
498 1925 632 1958 habere
660 1923 826 1957 voculam
851 1922 987 1966 patebit
1011 1933 1053 1956 ex
1076 1921 1207 1956 notatis
1229 1922 1273 1955 ad
1299 1922 1403 1957 Catil.
1430 1935 1462 1958 c.
1484 1924 1615 1969 XXVI,

212 1989 249 2024 2.
274 2000 311 2032 p.
330 1986 410 2021 124.
460 1986 505 2019 ct'.
531 1985 616 2019 ibid.
639 1984 719 2027 Lll,
743 1983 802 2018 33.
836 1984 914 2029 lug.
938 1984 1077 2025 XXXI,
1100 1982 1158 2019 23.
1192 1983 1291 2025 xm,
1315 1983 1348 2018 8.
1381 1984 1480 2020 caes.
1504 1985 1549 2019 Β.
1572 1984 1613 2021 C.

212 2049 260 2095 11,
284 2048 343 2093 32,
370 2047 427 2081 11.
451 2046 570 2081 Hand.
593 2046 637 2080 de
659 2044 808 2080 Particc.
833 2045 912 2079 Lat.
935 2044 981 2078 Τ.
1005 2045 1034 2079 1.
1059 2056 1096 2088 p.
1120 2043 1202 2079 535.
1225 2045 1270 2087 11,
1295 2044 1330 2080 1.
1353 2057 1430 2090 sqq.

209 2150 211 2152 q
307 2119 519 2154 quamquam
544 2112 578 2141 et
597 2107 731 2152 possis]
765 2106 984 2150 Quamquam
1007 2104 1044 2139 in
1067 2105 1225 2141 oratione
1246 2109 1343 2140 recta
1367 2117 1399 2140 c.
1417 2105 1507 2141 coni.
1530 2117 1615 2141 con-

212 2169 387 2216 iungitur,
422 2168 484 2202 ubi
508 2167 708 2202 conceditur
720 2167 806 2210 fieri
824 2177 937 2211 posse,
974 2167 1067 2210 quod
1090 2165 1306 2208 enunciatar,
1332 2177 1405 2201 esse
1426 2177 1496 2201 non
1509 2166 1615 2210 item3

212 2232 277 2267 ubi
298 2242 383 2266 vero
417 2229 552 2274 aliquid
574 2239 699 2263 revera
724 2239 797 2261 esse
830 2227 1052 2270 conceditur,
1085 2238 1156 2262 non
1178 2230 1292 2272 potest
1313 2238 1383 2261 non
1405 2227 1616 2263 indicativus

211 2293 338 2328 modus
359 2291 455 2336 poni.
509 2290 630 2334 Quare
652 2288 749 2323 Frid.
772 2287 968 2323 Ellendtius
991 2299 1060 2323 non
1090 2288 1176 2323 satis
1197 2291 1291 2323 reete
1312 2287 1450 2323 videtur
1469 2289 1516 2324 ad
1538 2287 1615 2326 cic.

212 2355 314 2390 Brut.
338 2365 368 2387 c.
391 2351 449 2394 3⁰,
476 2350 557 2384 115.
581 2361 614 2394 p.
638 2349 696 2384 86.
721 2348 937 2392 disseruisse,
965 2349 1026 2394 qui
1059 2361 1175 2395 „pars
1197 2349 1460 2394 exemplorum,
1489 2348 1616 2393 inquit,

213 2412 475 2448 coniunctivum
492 2410 734 2445 exhibentium
757 2410 930 2445 eiusmodi
953 2414 1016 2454 est,
1044 2415 1086 2446 ut
1106 2422 1307 2458 quanquam
1328 2410 1510 2456 eleganter
1531 2421 1615 2445 cou-

212 2473 365 2509 cedentis
387 2473 451 2515 sit,
488 2471 525 2506 id
549 2471 641 2516 quod
663 2482 748 2505 sanc
771 2472 932 2516 quidem,
963 2483 1084 2506 verum
1108 2473 1246 2518 quidem
1270 2475 1342 2514 est,
1377 2471 1435 2505 vel
1457 2471 1616 2506 modeste

212 2533 494 2578 contradicentis,
518 2544 584 2577 pro
609 2537 740 2567 tamen.
788 2532 829 2566 V.
854 2532 1108 2577 Wyttenbach.
1131 2533 1226 2568 Bibl.
1253 2531 1340 2566 Crit.
1364 2531 1405 2567 P.
1424 2531 1483 2566 111.
1502 2543 1537 2576 p.
1554 2529 1615 2566 25.

211 2597 295 2642 Qua
318 2599 508 2641 potestate,
541 2596 646 2638 prout
669 2592 887 2627 affirmantes
911 2592 1137 2637 opinantesve
1161 2593 1361 2637 loquimur,
1393 2591 1492 2626 modi
1516 2601 1615 2625 com-

212 2657 318 2694 mode
348 2655 533 2691 variant.“
577 2653 826 2700 Spalding-ium
857 2652 902 2687 ad
933 2653 1082 2697 Quintil.
1115 2655 1278 2689 Proocm.
1305 2655 1338 2696 ἓ.
1363 2652 1421 2686 18.
1454 2650 1616 2687 Ciceroni

211 2719 307 2753 hunc
336 2715 551 2752 coniunctivi
580 2727 684 2751 usum
715 2725 903 2760 perperam
934 2714 1154 2749 abiudicasse
1179 2714 1318 2749 abunde
1346 2713 1530 2748 ostendunt
1550 2723 1615 2747 no-

212 2783 271 2816 tae
291 2777 508 2824 Heusinger-i
535 2777 581 2813 ad
605 2776 680 2813 Cic.
704 2776 747 2812 de
770 2775 845 2812 off.
865 2775 894 2820 1,
910 2773 947 2819 2,
958 2774 994 2810 7.
1019 2773 1209 2811 Goerenzii
1231 2774 1278 2810 ad
1300 2773 1412 2820 Legg.
1433 2774 1496 2818 111,
1508 2773 1544 2818 8,
1555 2771 1612 2808 18.

1699 2826 1702 2845 1
