1702 2982
219 174 279 215 eo
587 170 632 213 c.
662 167 1000 213 SALLUSTI
1032 165 1295 226 cRISPI,

188 301 215 338 3
229 287 470 334 Numidiae
499 286 726 347 imperare
748 293 890 348 parat.
963 284 1201 331 Adherbal
1227 285 1402 330 tametsi
1430 285 1627 329 Romam

225 386 402 446 legatos
446 382 660 443 miserat,
716 385 794 444 qui
841 385 1059 430 Senatum
1109 382 1327 428 docerent
1378 382 1440 427 de
1485 382 1628 427 caede

221 483 368 527 fiatris
403 487 450 527 et
483 480 671 527 fortunis
705 483 791 528 suis
806 514 820 539 ‚
865 488 1015 526 tamen
1050 481 1190 526 fretus
1225 480 1507 532 multitudiue
1540 480 1627 524 mi-

189 581 351 632 4litum
395 579 589 639 parabat
638 581 772 625 armis
819 577 1106 624 contendere.
1188 577 1285 623 Sed
1330 578 1410 622 ubi
1451 592 1523 621 res
1567 576 1628 621 ad

224 683 454 724 certamen
493 677 615 722 venit
631 711 645 735 ‚
693 677 838 723 victus
885 691 942 723 ex
974 676 1157 738 proelio
1191 675 1399 738 profugit
1432 675 1479 720 in
1511 688 1626 735 pro-—

224 873 368 908 exitium
391 870 540 905 militum
564 870 670 905 habet
702 876 810 917 atque
845 876 1011 907 armat.
1036 871 1192 908 Historr.
1215 870 1246 915 1,
1270 869 1329 912 4⁰,
1353 871 1447 906 med.
1499 869 1628 905 othoni

223 939 345 969 tamen
378 932 560 966 armari
602 933 787 976 plebem
819 933 1065 968 nunciabatur.
1095 933 1142 974 11,
1172 931 1209 974 8,
1234 943 1269 976 p.
1294 931 1387 967 med.
1410 930 1472 972 111,
1496 929 1556 974 79,
1579 928 1630 966 in.

223 996 322 1029 Flor.
345 993 410 1034 111,
433 991 492 1028 22.
514 1012 562 1018 —
599 993 788 1029 Voluntate
821 994 848 1030 i.
872 1006 905 1028 e.
928 993 1015 1039 ipsis
1049 992 1270 1035 volentibus,
1294 994 1420 1036 sponte
1441 1001 1518 1027 sua.
1563 989 1629 1027 ni-

224 1066 328 1091 versa
349 1058 471 1090 autem
501 1054 743 1091 ablativorum
767 1055 896 1091 relatio
929 1055 967 1089 in
1000 1054 1071 1089 ista
1101 1053 1320 1098 oppositione
1343 1051 1429 1087 satis
1452 1052 1630 1096 frequens.

224 1117 304 1153 Liv.
327 1116 424 1157 xxl,
449 1113 510 1157 58,
538 1114 573 1149 2.
601 1127 680 1150 eam
703 1128 835 1162 quoque
866 1121 1010 1162 gentem
1034 1119 1099 1152 aut
1121 1116 1166 1149 oi
1189 1120 1254 1150 aut
1275 1114 1470 1148 volunta
1484 1117 1528 1148 te
1560 1112 1628 1146 ad-

224 1179 415 1213 iuncturus.
440 1176 601 1218 XXXW,
619 1177 678 1219 29,
698 1179 731 1214 1.
767 1179 808 1213 L.
835 1178 998 1220 Quintius
1021 1178 1222 1211 maritimae
1244 1187 1329 1210 orae
1351 1173 1480 1218 oppida
1494 1172 1629 1217 partim

225 1251 247 1275 υ
261 1240 495 1279 almitate,
514 1239 648 1282 partim
671 1240 717 1273 vi
739 1244 806 1274 aut
827 1244 926 1274 metu
944 1238 1047 1283 cepit.
1064 1237 1157 1282 Epit.
1177 1237 1242 1273 lib.
1263 1235 1390 1272 XLIX.
1438 1234 1630 1270 Andriscus

226 1306 338 1337 totam
361 1298 607 1334 Macedoniam
635 1306 699 1335 aut
730 1301 980 1335 voluntate
1013 1299 1260 1340 incolentium,
1285 1302 1350 1333 aut
1365 1297 1506 1332 armis
1529 1306 1628 1330 occu—

222 1363 337 1408 pavit.
361 1372 398 1395 v.
423 1360 484 1394 Fr.
511 1360 669 1398 Gronov.
692 1362 738 1396 ad
762 1362 875 1403 XXX,
901 1360 938 1403 9,
964 1360 1000 1395 2.
1033 1359 1298 1395 Drakenborch.
1322 1359 1368 1393 ad
1390 1358 1432 1402 V,
1459 1357 1518 1400 17,
1539 1355 1627 1390 9.-

225 1425 280 1457 De
298 1426 409 1467 parat
432 1421 564 1464 verbo,
592 1421 617 1456 i.
637 1433 669 1459 e.
703 1423 845 1468 agitat,
876 1422 951 1459 sive
986 1422 1032 1457 id
1055 1421 1165 1467 agit
1186 1444 1197 1464 ‚
1228 1425 1277 1456 ut
1311 1420 1480 1464 imperet,
1520 1429 1556 1452 v·
1583 1416 1629 1452 ad

226 1485 302 1520 cat.
326 1481 451 1524 XLVI,
465 1481 499 1516 3.
519 1492 552 1524 p.
576 1480 658 1515 209.

320 1547 352 1588 §.
379 1543 414 1578 3.
462 1538 615 1586 tametsi]
642 1541 700 1577 Ita
722 1553 844 1578 omnes
863 1542 964 1578 codd.
988 1544 1129 1587 praeter
1151 1539 1300 1579 Eoeard.
1331 1542 1368 1575 et
1389 1549 1501 1574 unum
1523 1537 1630 1572 Was-

227 1606 292 1650 sii,
317 1617 404 1650 quos
430 1610 550 1641 tamen
574 1603 641 1638 etsi
663 1604 868 1648 praebentes
893 1603 1033 1638 eortius
1063 1606 1099 1638 et
1123 1601 1333 1638 Gerlachius
1355 1600 1392 1636 in
1415 1599 1471 1634 ed.
1495 1597 1631 1634 maiore

226 1667 338 1703 secuti
351 1669 452 1706 sunt3
476 1675 512 1700 v.
535 1664 663 1706 XXXI,
678 1658 789 1699 2l.—
805 1664 847 1699 In
871 1664 990 1699 verbis
1014 1665 1058 1699 de
1073 1664 1182 1699 caede
1194 1663 1325 1708 fratris
1341 1667 1375 1698 et
1384 1660 1542 1706 fortunis
1556 1660 1629 1695 suis

227 1730 403 1772 exspectes
426 1727 574 1760 fortasse
596 1725 641 1758 de
661 1728 742 1759 ante
758 1726 914 1768 fortunis
937 1725 1071 1770 repeti,
1094 1726 1284 1760 secundm
1307 1735 1361 1767 ea,
1385 1734 1475 1767 quae
1499 1723 1543 1757 de
1558 1722 1631 1756 hac

228 1801 268 1824 re
289 1787 441 1822 diximus
464 1786 509 1821 ad
534 1785 639 1821 catil.
661 1797 693 1819 c.
722 1785 849 1827 XLIX,
873 1786 906 1822 1.
937 1797 972 1829 p.
1004 1785 1086 1821 226.
1132 1786 1203 1822 Sed
1234 1784 1446 1820 Adherbalis
1467 1786 1631 1820 fortunae

230 1853 328 1884 arcte
354 1860 437 1883 cum
468 1847 592 1881 fratria
619 1846 729 1881 caede
759 1847 966 1883 coniunctae
989 1851 1110 1890 eraut,
1145 1857 1258 1890 eaque
1279 1845 1379 1890 quasi
1401 1846 1630 1883 contineban—

228 1915 308 1952 tur,
338 1909 511 1953 siquidem
535 1906 651 1942 occiso
674 1907 883 1951 Hiempsale
905 1908 991 1952 quid
1021 1907 1125 1943 alteri
1147 1906 1342 1942 timendum
1363 1911 1453 1943 esset
1475 1906 1631 1943 maxime

230 1971 408 2016 proditum
439 1972 527 2004 erat.
574 1964 694 2011 Quare
716 1971 904 2013 utrumque
934 1979 1007 2004 una
1028 1972 1198 2011 tanquam
1221 1966 1437 2012 cogitatione
1468 1978 1630 2011 compre-

228 2032 450 2066 hendendum
474 2028 656 2073 duplicata
679 2016 1029 2073 praepositionenon
1051 2032 1144 2073 eget.
1194 2028 1372 2063 Fortunae
1393 2031 1534 2069 autem,
1557 2037 1629 2071 qun

231 2104 318 2127 voce
341 2103 427 2136 opes
451 2095 486 2126 et
508 2090 692 2125 facultates
715 2089 895 2134 designari
917 2090 1042 2125 docent
1064 2089 1303 2135 grammatici,
1325 2089 1424 2123 velut
1446 2087 1631 2132 Zumptius

234 2154 398 2187 Gramm.
422 2153 499 2187 Lat.
523 2153 555 2193 §-
580 2150 640 2192 22,
658 2149 692 2186 3.
718 2163 754 2195 p.
778 2150 837 2184 80.
861 2150 914 2185 ed.
938 2150 1009 2191 IV„
1033 2151 1128 2195 apud
1147 2150 1359 2187 Sallustium
1371 2160 1441 2187 nou
1462 2148 1630 2186 differunt

229 2223 253 2248 8
267 2215 440 2257 fortuna,
463 2213 510 2246 cf.
534 2212 629 2255 xlv,
653 2211 711 2248 24.
735 2211 863 2255 xxm,
887 2210 922 2245 2.
947 2211 1108 2253 LX11,1.

325 2275 358 2315 §.
381 2273 416 2307 4.
459 2273 638 2318 profugit]
661 2272 766 2317 Apud
786 2271 875 2307 Non
898 2271 958 2314 IV,
980 2271 1038 2308 68.
1061 2275 1114 2308 est
1128 2272 1256 2318 fugit,
1277 2231 1496 2317 negligentia
1513 2269 1630 2313 Ρθίίηῠ

233 2333 490 2377 Grammafici,
524 2345 632 2377 quam
666 2334 760 2378 quod
791 2332 983 2369 Sallustius
1011 2344 1051 2368 re
1083 2343 1169 2369 vera
1201 2332 1255 2368 ita
1285 2330 1486 2376 scripserit,
1515 2340 1629 2374 neque

232 2395 402 2440 vulgatae
424 2394 584 2433 officiunt
604 2405 700 2438 quae
723 2395 767 2429 de
794 2396 987 2440 profugere
1009 2394 1120 2430 verbo
1143 2393 1293 2430 diximus
1320 2392 1368 2428 nd
1389 2391 1467 2430 Cat.
1484 2390 1573 2433 le,
1589 2390 1626 2428 8.

233 2467 266 2500 p.
291 2454 374 2490 287.
420 2455 526 2500 Quod
548 2466 657 2499 quum
680 2467 744 2500 pro
767 2455 804 2490 vi
827 2466 892 2491 sua
913 2455 1120 2499 respondeat
1139 2453 1330 2490 vernaculo
1352 2453 1470 2496 daven
1483 2451 1629 2496 flecken,

204 2515 511 2562 (patet-proxime
535 2515 761 2551 coniunctum
784 2514 937 2561 cogitari
958 2515 1087 2549 debere
1109 2526 1191 2551 cum
1211 2513 1329 2549 verbio
1350 2525 1392 2549 ez·
1409 2513 1555 2558 proelio,
1575 2510 1629 2549 ita

218 2581 274 2613 ,ut
295 2578 333 2611 in
362 2577 578 2622 provinciam
612 2588 680 2610 non
713 2577 878 2612 continuo
914 2587 938 2612 a
967 2576 1131 2621 profugit
1152 2575 1320 2619 pendeat,
1345 2574 1407 2609 sed
1428 2573 1544 2618 potius
1565 2572 1627 2609 αἱ·
1638 2598 1665 2635 ῃ.

232 2637 428 2683 plicationis
449 2647 576 2673 caussa
597 2637 757 2673 additum
781 2639 839 2681 sit,
860 2639 932 2673 hoc
953 2638 1030 2673 fere
1051 2647 1173 2672 censue
1199 2641 1242 2670 et
1264 2635 1454 2681 quidem
1474 2634 1512 2668 ia
1526 2644 1625 2679 prov.

235 2709 272 2744 se
295 2699 436 2743 recepit.
456 2699 545 2733 —In
565 2699 786 2744 provinciam
810 2699 834 2735 i.
852 2711 883 2734 e.
906 2699 946 2733 in
971 2709 1052 2733 eam
1075 2697 1218 2732 Africae
1241 2698 1397 2740 partem,
1431 2700 1523 2738 quae
1539 2693 1626 2730 olim

231 2758 575 2804 Carthaginiensium
598 2759 737 2802 fuerat,
763 2760 816 2804 (v.
842 2771 874 2794 c.
898 2760 995 2801 Xix,
1017 2759 1069 2801 ⁷.)
1093 2758 1153 2793 sed
1175 2768 1198 2792 a
1221 2755 1392 2793 Romanis
1413 2756 1448 2793 in
1472 2756 1625 2792 formam

1678 2839 1693 2875 ὲ,
1700 2839 1702 2842 ⁴
