1702 2982
135 199 221 241 134
505 194 551 238 C.
582 194 906 239 SALLUSTI
936 193 1161 239 CRISPI

139 311 449 367 circumsedit,
498 312 636 356 vineis
670 312 956 372 turribusque
992 319 1038 357 et
1070 311 1290 358 machinis
1333 313 1536 358 omnium

141 425 363 472 generum
415 424 678 471 expugnare
737 410 1032 471 aggreditur,
1078 425 1287 455 maxume
1322 410 1535 456 festinans

140 514 323 568 tempus
370 507 626 568 legatorum
666 512 960 567 antecapere,
1007 522 1123 567 quos
1167 513 1270 552 ante
1311 507 1539 568 proelium

142 605 314 650 factum
379 604 439 649 ab
492 604 758 649 Adherbale
827 604 1025 650 Romam
1079 605 1239 651 missos
1293 603 1536 652 audiverat.

143 786 185 821 C.
207 785 264 828 11,
288 785 322 820 2.
349 783 525 820 Drakenb.
550 782 596 816 ad
619 781 696 817 Liv.
720 783 771 828 V,
795 781 841 827 7,
865 783 899 818 3.
924 783 1018 829 Lips.
1042 783 1196 818 Poliorc.
1217 783 1245 818 1.
1268 782 1365 818 Dial.
1387 782 1423 817 7.
1446 783 1541 817 Her-

142 858 225 892 zog.
258 847 302 881 ad
336 847 434 881 Caes.
457 844 503 878 Β.
528 844 573 878 G.
606 844 663 887 ll,
691 844 748 879 12.
774 845 923 879 Daehne
946 845 991 880 ad
1013 844 1100 889 Nep.
1124 844 1215 878 Milt.
1241 855 1271 879 c.
1296 845 1380 887 vll,
1406 843 1440 878 2.
1486 844 1541 878 De

143 908 298 943 turribus
328 907 404 952 egit
434 904 531 949 Lips.
571 905 594 939 Ι.
627 905 651 940 1.
681 904 726 940 11.
762 905 857 940 nial.
889 905 924 940 4.
957 905 1135 940 Stewech.
1167 904 1213 938 ad
1244 904 1366 949 Veget.
1390 904 1458 946 lv,
1483 903 1541 938 17.

143 970 303 1014 Herzog.
328 968 374 1003 ad
396 968 495 1002 Caes.
521 967 566 1001 Β.
590 967 637 1002 G.
660 967 745 1008 vn,
769 965 828 1000 17.
854 978 890 1011 p.
912 965 996 1000 4⁰0.
1040 966 1094 999 De
1116 965 1286 999 machinis
1306 964 1432 999 iisdem
1454 964 1543 1000 locis

144 1030 291 1071 dicitur;
337 1029 382 1064 ad
414 1039 472 1063 eas
504 1028 676 1073 pertinent
707 1027 852 1069 arietes,
893 1027 1080 1069 ballistae,
1121 1027 1339 1071 catapultae,
1377 1025 1542 1068 musculi,

144 1090 365 1134 scorpiones,
390 1089 495 1124 aliae.
520 1108 564 1114 —
594 1089 742 1134 Tempus
765 1090 963 1134 legatorum
994 1094 1202 1133 antecapere
1233 1087 1357 1132 paullo
1391 1086 1542 1121 insolen-

143 1151 215 1187 tius
237 1152 370 1185 dictum
394 1150 554 1191 videtur3
579 1161 699 1183 sensus
719 1153 771 1184 est
792 1149 886 1184 enim
909 1161 948 1184 eo
972 1154 1057 1185 tem
1064 1161 1090 1194 p
1101 1160 1175 1184 ore
1196 1149 1287 1192 ati,
1323 1150 1416 1196 quod
1448 1150 1544 1184 redi-

142 1218 218 1249 tum
242 1213 465 1258 legatorum,
497 1212 653 1245 Romam
685 1209 895 1254 missorum,
929 1211 1168 1252 antecederet,
1199 1209 1275 1244 sive
1304 1221 1409 1255 quam
1432 1210 1545 1255 pluri-

143 1285 205 1308 ma
229 1279 313 1308 ante
335 1273 486 1307 reditum
510 1272 708 1317 legatorum
733 1282 844 1316 agere
867 1276 902 1306 et
922 1282 1066 1316 parare.
1092 1271 1136 1304 cf.
1162 1272 1238 1306 cat.
1262 1272 1346 1314 LV,
1371 1272 1406 1306 1.
1430 1271 1546 1306 Muel-

145 1335 244 1369 lerus
274 1334 471 1378 legatorum
497 1344 562 1377 pro
587 1332 715 1378 legatis
739 1331 871 1365 dictum
894 1336 1013 1376 putat,
1039 1332 1132 1376 quod
1155 1333 1351 1367 obsoletam
1374 1337 1409 1368 et
1439 1332 1547 1367 hodie

146 1396 192 1431 ab
226 1395 412 1437 omnibus,
445 1393 507 1438 qui
531 1393 656 1428 Latine
686 1392 816 1435 sciunt,
848 1394 1030 1438 explosam
1055 1393 1250 1427 doctrinam
1273 1393 1546 1439 grammaticam

148 1458 230 1491 olet.
253 1475 301 1480 —
326 1456 377 1489 Ab
403 1459 484 1489 ante
510 1455 709 1489 Adherbale
732 1455 779 1488 ab
803 1455 948 1489 Eccard.
974 1454 1094 1489 Guelf.
1119 1453 1154 1488 4.
1177 1454 1287 1488 Fabr.
1318 1453 1353 1488 1.
1385 1458 1420 1488 et
1452 1455 1546 1499 Reg.

148 1519 264 1558 abest,
289 1527 381 1560 quoav
400 1514 540 1549 Gortius
561 1524 748 1559 perperam
772 1519 824 1550 est
847 1519 1006 1558 secutus3
1037 1526 1180 1559 prorsus
1202 1514 1296 1548 enim
1323 1514 1370 1548 ab
1394 1525 1459 1547 usu
1482 1515 1547 1548 bo-

148 1590 276 1614 norum
298 1576 509 1621 scriptorum
533 1575 703 1609 abhorret
725 1564 900 1610 ablativae
930 1576 1171 1620 instrumenti,
1201 1575 1247 1611 ad
1278 1573 1548 1619 significandum

149 1639 286 1684 aliquid
318 1651 342 1672 a
372 1648 522 1683 persona
549 1639 688 1680 sactum
723 1648 814 1679 esse,
847 1636 898 1671 ita
931 1637 1095 1681 quidem,
1126 1639 1167 1671 nt
1197 1635 1295 1671 notio
1327 1636 1500 1680 auctoris,
1526 1646 1550 1671 a

150 1701 250 1735 cuius
268 1700 448 1734 voluntate
465 1702 499 1731 et
518 1697 664 1731 consilio
682 1696 772 1730 illud
792 1698 1038 1741 proficiscitur,
1063 1697 1229 1739 emineat,
1252 1707 1365 1741 neque
1387 1697 1550 1732 commit-

150 1763 294 1798 tendum
318 1764 389 1802 est,
412 1763 452 1794 ut
474 1757 644 1802 exemplis
666 1757 793 1792 alienis
817 1763 878 1793 aut
901 1759 1074 1804 corruptis
1104 1757 1331 1793 soloecismus
1362 1757 1551 1793 defenden-

151 1824 216 1859 dus
248 1821 469 1866 suscipiatur.
533 1820 626 1855 Nam
657 1819 749 1863 quod
781 1819 921 1854 eortius
951 1823 1120 1864 provocat
1148 1819 1194 1853 ad
1227 1819 1327 1853 Flor.
1353 1818 1394 1861 1,
1426 1818 1473 1863 1,
1514 1820 1549 1854 L

153 1884 271 1919 Marte
301 1883 444 1929 genitus
474 1886 508 1916 et
548 1881 651 1915 Rhea
683 1881 817 1923 Silvia,
849 1892 892 1915 ex
920 1879 1116 1925 participiis
1139 1879 1272 1921 editus,
1296 1879 1456 1924 genitae,
1481 1883 1549 1915 etc.

154 1944 332 1981 ablativus
363 1944 462 1978 solus
493 1941 618 1986 pendet
640 1940 822 1986 legitime,
849 1953 883 1978 v,
908 1943 1053 1986 Zumpt.
1077 1941 1237 1974 Gramm.
1261 1939 1340 1973 Lat.
1363 1939 1398 1981 §-
1423 1939 1489 1983 ⁶14,
1514 1940 1550 1975 1.

153 2018 191 2052 p.
215 2005 296 2040 353.
321 2005 374 2039 ed.
398 2004 458 2038 lv.
481 2003 600 2037 Hand.
626 2002 670 2036 de
692 2001 849 2036 Particc.
871 2002 950 2038 Lat.
972 2002 1051 2035 Vol.
1074 2001 1103 2036 1.
1138 2013 1172 2045 p.
1203 1998 1262 2037 25.
1298 1999 1401 2043 Apud
1432 1999 1552 2035 lustin.

154 2069 193 2110 1,
216 2067 250 2101 2.
279 2066 314 2100 8.
330 2077 399 2100 non
422 2068 583 2099 contenta
607 2062 862 2108 acquisitos
885 2063 988 2096 viro
1011 2061 1178 2096 terminos
1200 2060 1315 2102 tueri3
1336 2060 1434 2105 viro,
1458 2061 1554 2105 quod

157 2126 300 2163 eortius
330 2125 404 2170 ipse
433 2135 564 2170 negare
587 2120 665 2158 non
689 2133 795 2157 ausus
817 2126 890 2167 cst,
915 2134 979 2167 pro
1003 2122 1125 2157 dativo
1148 2121 1361 2156 habendum.
1408 2123 1450 2157 In
1470 2122 1554 2158 aliia

156 2187 247 2224 locis
269 2187 372 2222 lectio
395 2187 454 2221 vel
477 2197 547 2221 non
571 2184 656 2220 satis
679 2183 864 2218 emendata
886 2187 938 2218 est
969 2195 1012 2218 ex
1036 2183 1235 2227 codicibus,
1265 2183 1324 2217 vel
1346 2183 1454 2228 plane
1475 2195 1554 2219 eor-

157 2253 274 2294 rupta.
329 2249 386 2283 lta
414 2247 508 2292 apud
542 2244 753 2281 Suetonium
785 2244 920 2289 legitur
951 2243 988 2278 in
1020 2245 1119 2279 Caes.
1153 2255 1186 2280 c.
1219 2244 1286 2285 19,
1321 2244 1413 2280 med.
1446 2256 1555 2289 opem

159 2309 478 2356 optimatibus
511 2307 628 2341 data
661 2311 733 2347 est,
766 2305 827 2340 uhi
859 2305 943 2340 boni
965 2305 1066 2340 codd.
1090 2305 1225 2340 habent
1247 2305 1297 2339 ab
1317 2306 1553 2350 optimatibus,

160 2369 255 2415 quod
286 2369 411 2413 probat
442 2367 606 2413 Woltius.
654 2366 726 2401 Sed
758 2377 800 2401 ex
834 2367 1033 2402 coniectura
1055 2366 1111 2400 bis
1133 2366 1368 2401 emendandus
1390 2370 1444 2401 ost
1465 2368 1553 2403 Veu.

161 2432 218 2474 11,
248 2427 320 2471 39,
352 2430 385 2463 1.
421 2429 558 2462 Gallias
580 2428 731 2472 primum
757 2428 976 2470 Domitio,
1013 2427 1182 2469 Fabio,
1212 2429 1379 2471 n'epote
1405 2427 1555 2470 Pauli,

163 2492 386 2530 intratos,
410 2488 472 2522 ubi
489 2487 720 2522 Ruhnkenius
742 2488 800 2522 vel
823 2499 904 2522 cum
927 2488 1018 2522 Aldo
1041 2498 1065 2520 a
1090 2486 1233 2528 Domit„
1257 2487 1313 2520 vel
1336 2498 1417 2521 eum
1437 2487 1555 2532 Lipsio

165 2551 284 2597 nepoti
304 2549 527 2598 scribendum
552 2552 678 2583 censet.
702 2548 750 2582 id.
786 2549 840 2591 11,
874 2548 942 2590 96,
978 2547 1012 2582 2.
1037 2546 1162 2580 bellum
1185 2546 1439 2590 Pannonicum,
1464 2550 1556 2593 qaod

164 2611 437 2647 inchoatam
475 2609 689 2654 Agrippa
729 2609 972 2654 Marcoque
1013 2607 1199 2641 Vinicio
1220 2631 1231 2651 ,
1277 2618 1342 2652 per
1382 2608 1557 2644 Neronem

165 2678 304 2719 gestum
338 2675 410 2712 εει,-
447 2669 579 2705 dudum
617 2668 670 2702 ibi
700 2669 858 2713 Lipsius,
899 2668 1128 2703 Casaubonus
1161 2670 1196 2702 et
1227 2668 1459 2704 Ruhnkenius
1501 2671 1556 2704 ab

166 2735 329 2780 Agrippa
359 2730 598 2778 reponendum
633 2740 709 2764 esse
735 2729 946 2763 iudicarunt.
1001 2727 1080 2762 Non
1103 2727 1249 2762 maioris
1271 2730 1490 2765 auctoritatis
1513 2731 1558 2765 ad

166 2793 416 2829 stabiliendum
437 2791 635 2828 ablativum
658 2790 757 2825 locus
779 2794 832 2825 est
852 2788 971 2825 'heiti
991 2789 1114 2826 Annal.
1137 2789 1206 2832 111,
1228 2789 1276 2832 8,
1295 2789 1329 2825 ὃ.
1355 2790 1559 2826 crediderim
