1716 2996
184 189 270 230 208
562 187 608 231 C.
639 188 961 232 SALLUSTI
990 188 1211 233 CRISPI

186 302 281 347 fido
325 302 431 362 sibi,
474 302 696 365 imperat,
739 306 912 366 pretio,
959 306 1084 350 sicuti
1126 306 1265 350 multa
1308 307 1579 364 confecerat,
1642 354 1646 359 ,

187 400 462 445 insidiatores
489 399 719 446 Massivae
753 408 909 463 paret,
947 417 999 446 ac
1034 418 1244 448 maxume
1277 405 1477 461 occulte,
1514 406 1580 449 sin

187 497 235 542 id
277 513 438 559 parum
480 499 728 557 procedat,
774 499 932 558 quovis
976 499 1114 544 modo
1149 499 1393 546 Numidam
1441 502 1580 546 inter*-

152 595 323 646 5ficiat.
394 595 627 640 Bomilcar
673 602 845 640 mature
888 596 1010 656 regis
1057 596 1267 643 mandata
1313 598 1580 657 exsequitur,

188 698 234 737 et
261 708 346 753 per
375 691 582 738 homines
620 693 719 737 talis
750 693 904 753 negoti
935 693 1125 738 artifices
1160 694 1315 738 itinera
1350 710 1580 756 egressus—

188 806 278 849 que
314 790 431 844 eius,
477 795 715 851 postremo
760 790 861 834 loca
897 796 1031 849 atque
1066 797 1271 851 tempora
1308 797 1466 836 cuncta
1501 806 1581 836 ex-

186 887 358 948 plorat,
405 886 599 942 deinde,
642 887 720 932 ubi
764 902 834 932 res
879 887 1162 948 postulabat,
1203 888 1384 933 insidias
1426 888 1578 935 tendit.

154 985 334 1046 61gitur
368 999 484 1030 unus
531 1000 587 1029 ex
630 1000 685 1028 eo
731 991 963 1040 numero‚·
985 985 1061 1043 qui
1101 985 1161 1029 ad
1205 986 1391 1030 caedem
1437 986 1581 1046 parati

188 1106 350 1131 maxume
372 1095 476 1137 voci,
501 1107 581 1131 cum
606 1094 720 1140 ellipsi
744 1094 899 1139 positae,
926 1106 1018 1140 quae
1040 1107 1102 1140 per
1124 1096 1280 1131 additam
1303 1094 1583 1131 enunciationem

188 1156 467 1192 condicionalem
498 1155 548 1191 ita
582 1156 656 1190 sere
688 1157 828 1201 plenum
864 1168 1004 1190 sensum
1037 1156 1180 1201 accipit:
1210 1158 1250 1192 si
1276 1157 1404 1201 'sieri
1433 1157 1582 1202 possit

187 1229 360 1253 maxume.
386 1217 434 1251 cf.
458 1216 551 1253 infra
574 1230 603 1252 c.
630 1218 753 1260 XLVI,
777 1217 812 1252 4.
839 1218 1043 1258 Persuadet,
1069 1218 1122 1252 uti
1147 1218 1356 1263 Iugurtham
1372 1228 1582 1252 maxume

187 1285 326 1321 vivum,
350 1279 425 1312 sin
448 1278 495 1312 id
520 1289 680 1322 parum
700 1279 951 1322 procedat,
983 1283 1144 1313 necatum
1167 1279 1233 1313 sibi
1258 1280 1448 1313 traderent.
1490 1278 1582 1312 Con-

187 1339 296 1375 simili
319 1339 427 1373 modo
448 1339 600 1383 primum
625 1343 660 1373 et
678 1339 849 1384 principio
873 1339 923 1372 ita
947 1344 1118 1382 usurpant
1140 1339 1265 1380 Latini,
1290 1346 1328 1375 ut
1350 1340 1582 1383 subsequatur

184 1400 443 1436 condicionalis
466 1397 666 1434 enunciatio
690 1410 842 1444 negans,
866 1410 956 1443 quae
978 1399 1150 1433 referatur
1173 1399 1218 1433 ad
1239 1411 1461 1445 suppressam
1485 1400 1582 1434 aien-

188 1468 280 1504 oem3
304 1461 354 1498 cf.
377 1460 521 1496 Terent.
545 1460 634 1494 Eun.
658 1460 732 1502 111,
754 1460 797 1502 2,
819 1459 880 1495 49.
907 1460 980 1494 Fac
998 1471 1073 1494 ores
1098 1461 1290 1505 primum
1317 1466 1357 1495 ut
1375 1461 1517 1503 redeat‚·
1541 1460 1581 1494 si
1616 1454 1622 1460 ⁴

187 1525 236 1559 ia
258 1533 347 1557 non
370 1521 712 1564 commodumst,
747 1521 795 1556 Ut
813 1525 968 1556 maneat.
989 1520 1042 1555 111.
1066 1520 1171 1555 Andr.
1189 1521 1244 1563 11,
1267 1521 1309 1563 1,
1331 1521 1392 1558 26.
1425 1521 1528 1573 Naue
1544 1525 1581 1556 te

187 1586 349 1625 obsecro,
377 1581 611 1628 principio
633 1586 673 1616 ut
695 1593 739 1617 ne
762 1582 880 1616 ducas.
929 1580 1001 1615 Sed
1024 1581 1063 1615 εἰ
1085 1581 1132 1615 s‘d
1154 1592 1240 1615 nou
1260 1586 1433 1626 potest,
1457 1581 1580 1616 mum

187 1645 324 1691 aliquot
357 1644 432 1679 dies
461 1644 590 1688 profer.
637 1643 676 1677 ln
709 1643 771 1678 tali
805 1655 896 1678 nexu
927 1642 1039 1688 igitur
1068 1653 1173 1676 voces
1205 1653 1385 1683 maxume,
1416 1642 1579 1688 primum,

184 1705 359 1752 principio
382 1704 572 1739 vernacula
603 1703 722 1738 valent
754 1703 984 1750 womoglich5
1017 1714 1075 1737 am
1105 1703 1267 1746 liebstm,
1298 1702 1425 1737 weun's
1453 1703 1581 1749 irgend

185 1767 334 1814 angeht.
358 1769 405 1801 cf.
431 1766 538 1800 etiam
561 1776 669 1809 supra
692 1777 723 1800 c.
747 1764 849 1807 XIV,
873 1764 908 1799 3.
932 1775 1013 1798 cum
1037 1763 1211 1798 annotatis
1239 1775 1274 1808 p.
1294 1763 1352 1797 74.
1376 1785 1422 1790 —
1447 1763 1579 1798 Parum

183 1829 374 1879 procedat,
399 1827 450 1862 ita
473 1826 606 1861 dictum
629 1826 736 1861 etiam
753 1837 785 1861 c.
809 1826 883 1868 XI,
909 1824 942 1861 9.
969 1825 1096 1867 XLVI,
1117 1823 1152 1859 4.
1178 1823 1255 1860 Liv.
1271 1824 1299 1866 1,
1321 1823 1381 1867 5¹1,
1404 1824 1440 1860 3.
1464 1825 1579 1860 conr.

114 1901 117 1903 ·
187 1891 242 1926 Do
262 1900 391 1937 parum
414 1899 501 1923 voce
523 1899 559 1923 v.
582 1887 627 1923 ad
650 1898 681 1923 c.
706 1887 846 1929 XXXI,
868 1886 905 1921 9.

283 1954 317 1995 §.
342 1950 377 1987 5.
403 1953 438 1985 et
459 1949 494 1985 6.
542 1949 716 1995 egressus]
753 1946 1007 1993 Significantur
1029 1947 1098 1982 hoc
1118 1947 1294 1982 vocabulo
1320 1949 1395 1981 tam
1416 1957 1580 1993 egressus

189 2016 288 2048 extra
320 2011 467 2053 urbem,
499 2021 606 2055 qnam
631 2013 730 2044 extra
752 2009 914 2050 domum,
946 2008 1156 2052 omninoque
1178 2008 1288 2043 etiam
1310 2018 1519 2054 progressus
1542 2006 1580 2041 in

189 2073 393 2120 publicum3
428 2072 475 2106 cf.
505 2071 622 2107 Tacit.
651 2071 740 2107 Anu.
774 2070 846 2112 XI,
880 2068 945 2111 12,
970 2069 1005 2105 3.
1043 2069 1247 2104 Messallina
1276 2070 1384 2104 multo
1413 2069 1581 2103 comitatu

189 2135 365 2170 ventitare
383 2134 522 2168 domum
542 2133 676 2177 (Silii),
700 2131 964 2179 egressibus
991 2131 1248 2166 adhaerescere.
1272 2129 1321 2165 ib.
1345 2129 1430 2174 XV,
1452 2128 1520 2171 36,
1543 2128 1579 2164 3.

189 2196 325 2232 Audire
350 2195 424 2240 (se)
448 2201 599 2231 secretas
621 2194 748 2229 civium
771 2192 1015 2238 querimonias,
1047 2192 1138 2238 quod
1154 2197 1293 2227 tantum
1313 2191 1474 2226 aditurus
1492 2193 1580 2225 esset

189 2257 279 2299 iter,
310 2256 407 2291 cuius
430 2267 473 2291 ue
496 2256 651 2291 modicos
674 2254 812 2301 quidem
836 2264 1055 2299 egressus
1076 2253 1295 2288 tolerarent·
1321 2251 1435 2286 Com·-
1469 2249 1578 2286 Plura

192 2317 315 2354 Taciti
338 2317 500 2361 exempla
523 2317 669 2363 collegit
691 2314 907 2351 Boetticher.
930 2313 966 2348 in
989 2314 1075 2349 Lex.
1101 2313 1218 2350 Tacit.
1242 2313 1280 2350 h.
1304 2323 1337 2347 v.
1368 2323 1403 2356 p.
1425 2309 1505 2345 lw-
1530 2328 1578 2336 -·

192 2377 368 2419 Postremo
391 2388 460 2412 non
482 2377 647 2422 temporis
671 2377 730 2412 scd
761 2375 1073 2420 comprehendendi
1101 2374 1138 2408 vi
1169 2373 1319 2419 positum
1343 2375 1410 2414 cst,
1443 2371 1487 2404 de
1509 2380 1579 2414 qua

191 2438 274 2475 vido
296 2438 340 2474 ad
363 2449 393 2472 c.
421 2439 521 2481 XVI,
545 2439 580 2474 3.
613 2456 659 2464 -
697 2438 751 2472 Ea·
784 2448 832 2472 eo
866 2447 1029 2480 numero,
1066 2436 1144 2481 qui
1176 2455 1221 2460 —
1253 2432 1415 2479 parati
1447 2435 1578 2466 eraut

192 2498 333 2545 propi-ib
364 2497 435 2532 dici
458 2499 607 2534 debebat
639 2511 681 2534 ex
712 2508 862 2533 eorum
893 2509 927 2531 π.
959 2497 1037 2540 qui
1069 2501 1158 2537 θεας
1192 2496 1252 2530 sed
1285 2505 1393 2539 quum
1416 2502 1579 2526 numerus

194 2573 259 2606 pro
282 2560 326 2595 iis
347 2560 446 2594 rebus
470 2559 629 2603 dicatur,
656 2569 746 2602 quae
777 2558 895 2601 aliquo
929 2568 1075 2591 numero
1105 2556 1342 2598 continentur,
1374 2563 1577 2598 pronomen,

194 2623 286 2656 undo
309 2620 521 2656 vocabulum
544 2631 708 2654 numerus
734 2620 883 2664 pendere
907 2619 1027 2660 debet,
1062 2616 1266 2652 attractione
1297 2625 1378 2648 cum
1407 2613 1475 2648 hac
1499 2613 1578 2656 ipsa

194 2694 280 2717 voce
304 2682 384 2717 coit.
412 2681 458 2718 cf.
479 2682 555 2726 lug.
581 2681 714 2722 XVIII,
737 2679 772 2717 4.
798 2680 958 2714 Herculis
975 2679 1143 2713 exercitus
1161 2668 1286 2711 amisso
1306 2677 1392 2710 duce
1412 2674 1507 2709 brem·
1523 2674 1579 2707 di-

184 2744 335 2783 stabitur.
385 2743 437 2787 Ex
460 2754 508 2781 eo
532 2753 707 2775 numero
735 2742 854 2783 Medi,
880 2741 1006 2775 Persae
1028 2744 1063 2773 et
1081 2738 1236 2773 Armenii
1254 2737 1399 2770 navibus
1418 2737 1454 2769 in
1476 2734 1577 2779 Afri-

194 2816 272 2840 cam
298 2804 493 2840 transvecti.
520 2801 622 2838 Catil.
647 2802 800 2844 xxxii,
823 2801 856 2837 3.
893 2801 930 2837 C.
953 2801 1107 2835 Manlius
1136 2810 1175 2833 cx
1204 2809 1280 2832 suo
1315 2807 1494 2831 numero
1529 2794 1578 2828 ad
