1716 2996
221 177 309 218 476
595 173 643 219 G.
672 173 1003 219 SALLUSTI
1033 171 1258 219 CRISPI

184 292 346 336 5Nam
379 289 596 335 Bocchus
636 291 823 335 nuncios
859 291 920 336 ad
957 306 1062 337 eum
1097 307 1234 354 saepe
1264 294 1466 350 miserat,
1500 296 1617 342 velle

225 387 386 450 populi
419 387 615 432 Romani
645 387 909 443 amicitiam3
943 403 1003 433 ne
1039 389 1149 449 quid
1184 389 1244 435 ab
1268 366 1328 442 Nse
1357 390 1519 437 hostile
1551 393 1618 440 ti·-

181 490 210 530 6
222 491 379 542 meret.
440 484 497 529 Id
527 485 869 540 simulaveritne‚
902 500 994 546 quo
1024 463 1289 548 improvisus
1323 488 1506 550 gravior
1539 504 1619 536 ac-

220 658 258 691 p.
282 644 364 680 149.
387 647 422 680 et
447 645 494 681 ad
515 645 595 690 lug.
614 643 656 686 L,
683 643 740 687 6.;
764 644 826 679 sed
848 644 958 680 etiam
981 644 1020 680 in
1041 646 1146 681 rebus
1167 646 1304 683 bellicis
1325 648 1488 693 usurpari
1508 659 1619 693 appa-

221 710 278 741 ret
299 718 343 740 ex
366 718 398 741 c.
422 705 619 747 xxxvm,
643 704 678 740 4.
726 705 903 751 Iugurtha
927 707 1136 752 intempesta
1159 713 1258 743 nocte
1287 709 1341 744 de
1373 709 1618 753 improviso

222 767 446 802 multitudine
483 767 718 801 Numidarum
746 767 830 801 Auli
862 772 1027 803 castra
1058 769 1383 805 circumvenit.
1405 789 1453 795 —-
1475 769 1530 803 'Ad
1552 780 1616 803 nu·

222 830 346 864 datum
372 828 446 862 fere
467 839 586 862 omnes
611 827 762 862 editores
787 830 868 872 fore
892 828 1123 872 supplendum
1146 834 1307 875 censent,
1333 830 1453 865 Curtio
1475 830 1618 865 auctore

220 890 449 935 ineptissimis
472 888 643 934 exemplis
666 887 744 931 usi,
776 888 904 933 quibus
926 889 996 923 hoc
1018 890 1274 934 demonstrent,
1303 891 1382 936 lug.
1405 891 1559 935 LXXVI,
1581 890 1615 925 1.

221 955 299 989 Cat.
324 953 476 995 XXVII,
501 951 534 985 1.
571 953 606 984 et
629 950 760 992 ΧΙΝΙ,
784 949 819 984 2.
865 949 987 994 Neque
1019 955 1223 996 reputarunt
1249 951 1328 994 isti,
1357 954 1396 986 ut
1422 951 1616 986 infinitivus

218 1014 329 1049 futuri
360 1013 493 1058 passivi
525 1012 677 1054 evadat,
711 1023 782 1046 non
809 1014 890 1056 fore
913 1011 1101 1057 participio
1119 1014 1214 1058 perf.
1237 1023 1328 1056 pass.
1352 1011 1452 1054 addi,
1485 1012 1547 1047 sed
1569 1011 1615 1046 in·

219 1088 301 1111 cum
324 1076 446 1120 supino
471 1073 638 1119 coniungi
662 1074 810 1117 debere,
838 1084 882 1108 ac
903 1074 1041 1108 nullum
1070 1073 1152 1109 talis
1174 1073 1360 1116 infinitivi,
1383 1073 1526 1118 qualem
1548 1083 1613 1107 vo-

216 1138 317 1180 lunt,
348 1136 550 1180 exemplum
580 1137 727 1168 exstare.
775 1135 816 1169 Id
853 1135 1017 1180 quamvis
1048 1134 1198 1169 sentiens
1229 1135 1365 1176 Faber,
1397 1137 1514 1169 tamen
1545 1143 1615 1167 non

142 1219 143 1222 =
216 1198 302 1234 satis
333 1197 550 1232 considerate
580 1195 791 1230 Sallustium
824 1196 909 1230 dicit
940 1197 1033 1230 alias
1063 1195 1205 1240 quidem
1227 1197 1309 1239 fore
1339 1206 1408 1230 non
1439 1194 1612 1236 omittere,

183 1280 187 1285 -
215 1260 277 1295 sed
306 1259 344 1294 h.
374 1258 398 1292 l.
431 1261 574 1302 propter
605 1268 752 1300 sequens
783 1257 943 1291 futurum
977 1260 1189 1291 certaturum
1222 1255 1328 1290 facile
1363 1255 1526 1291 omittere
1547 1265 1611 1299 po-

215 1321 336 1357 tuisse.
381 1319 451 1353 Sed
475 1318 569 1363 quod
591 1318 744 1362 positum
766 1318 900 1352 falsum
924 1318 1035 1362 foret,
1066 1316 1102 1350 id
1126 1328 1237 1362 neque
1260 1316 1376 1351 omitti
1398 1320 1529 1362 potest,
1552 1326 1611 1350 ne-

214 1394 285 1427 que
316 1380 531 1427 cogitatione
561 1379 720 1414 additum
750 1383 887 1414 rectum
915 1379 967 1413 fit.
1021 1378 1143 1423 Quare
1178 1389 1358 1413 censemus
1396 1378 1514 1412 locum
1546 1379 1611 1412 aut

214 1446 421 1487 corruptum
453 1452 551 1484 esse,
576 1441 622 1476 iri
651 1452 758 1484 voce,
798 1451 904 1484 quam
937 1438 1099 1484 legitima
1128 1442 1305 1474 structura
1334 1440 1506 1484 postulat,
1535 1438 1609 1472 iam

215 1508 354 1539 mature
374 1515 440 1553 ‚per
470 1514 504 1537 m
536 1502 688 1537 litteram
713 1502 900 1546 absorpta,
932 1504 996 1535 aut
1019 1499 1232 1534 Sallustium
1252 1499 1293 1534 'in
1315 1499 1492 1544 quoddam
1515 1496 1608 1534 ἀνα-

213 1565 420 1606 κολουθίας
451 1575 563 1610 genus
592 1563 772 1607 incidisse,
807 1560 966 1605 nihilque
1005 1572 1080 1595 esse
1111 1561 1334 1596 mutandum.
1385 1559 1484 1594 Fieri
1513 1559 1608 1594 enim

212 1628 349 1673 potuit,
378 1630 440 1669 ut,
474 1635 583 1669 quum
614 1623 730 1668 primo
748 1623 881 1658 duobus
899 1621 1112 1667 participiis,
1145 1622 1326 1668 geminata
1348 1626 1412 1656 aut
1432 1620 1608 1666 particula
1653 1638 1654 1641 ¹

213 1688 414 1730 disiunctis,
438 1696 623 1721 commune
646 1685 795 1719 verbum
818 1684 925 1718 vellet
945 1683 1130 1727 subiicere,
1150 1684 1249 1719 velut
1269 1684 1305 1718 in
1328 1683 1422 1717 hunc
1444 1682 1606 1717 modum:

212 1750 265 1785 ita
298 1750 378 1794 lug.
409 1753 474 1782 aut
508 1757 623 1792 praes.
659 1746 852 1788 nudatum,
892 1749 956 1780 aut
987 1745 1125 1790 praelio
1164 1750 1353 1780 certantem
1395 1745 1604 1779 damnum

208 1820 479 1857 passurum,
498 1827 543 1834 --
566 1811 642 1843 tum
670 1806 863 1842 interiectis
893 1807 1012 1841 verbis
1046 1807 1078 1840 εἰ
1107 1818 1152 1841 ea
1173 1811 1250 1851 pat.
1276 1806 1321 1842 ab
1352 1804 1490 1848 incepta
1511 1808 1604 1839 stru-

212 1876 314 1907 ctura
337 1871 522 1906 deflectens
546 1869 696 1904 alterum
730 1867 956 1913 participium
978 1865 1098 1902 statim
1124 1867 1258 1901 faceret
1278 1866 1428 1900 verbum
1449 1864 1600 1899 finitum.

210 1934 337 1969 Utrum
370 1944 413 1966 ex
443 1931 501 1966 his
531 1941 656 1966 verum
690 1929 756 1973 sit,
790 1928 855 1964 alii
884 1929 1048 1969 videant3
1076 1938 1141 1962 nos
1169 1931 1263 1969 certe
1295 1927 1386 1963 nihil
1414 1927 1602 1972 vulgatam

208 1993 436 2030 mutavimus.
1404 2017 1406 2019 ,

302 2057 334 2099 §.
361 2053 397 2089 5.
421 2056 458 2089 et
478 2053 515 2088 6.
567 2052 661 2088 Nam
685 2052 863 2097 Bocchus]
892 2050 986 2086 Nam
1008 2048 1185 2094 particula
1207 2051 1339 2094 spectat
1363 2049 1408 2084 ad
1433 2047 1600 2084 omissam

208 2117 417 2152 sententiam
440 2113 665 2150 huiusmodi:
695 2113 880 2148 Bocchum
902 2122 987 2146 vero
1009 2122 1080 2145 non
1102 2110 1156 2145 ita
1177 2113 1296 2155 petere
1319 2110 1482 2151 volebat3
1517 2119 1600 2143 nam

208 2177 241 2214 is
263 2181 330 2212 etc.
353 2188 389 2211 v.
414 2177 460 2212 ad
484 2188 515 2210 c.
539 2175 637 2218 xlx,
661 2174 694 2209 2.
718 2186 753 2219 p.
777 2173 858 2208 119.
880 2192 927 2199 -
963 2172 1081 2214 Velle,
1111 2182 1158 2205 sc.
1191 2171 1367 2218 cerquod
1399 2170 1600 2206 subiectum

208 2250 253 2273 ex
276 2238 392 2273 verbis
414 2236 574 2282 proxime
596 2235 811 2281 praegressis
835 2234 977 2277 elicias;
1004 2244 1039 2267 v.
1064 2232 1110 2267 ad
1133 2233 1210 2268 Cat.
1231 2233 1370 2276 XXXI,
1392 2231 1428 2267 ⁷.
1451 2231 1495 2266 ad
1519 2232 1597 2276 lug.

208 2299 302 2343 xlv,
325 2298 362 2333 3.
386 2318 433 2324 -
455 2299 510 2332 De
533 2298 640 2333 totius
663 2295 916 2330 enunciationis
946 2297 1124 2329 structura
1145 2305 1180 2330 v.
1204 2295 1250 2329 ad
1271 2295 1347 2330 Cat.
1371 2294 1468 2335 XXI,
1491 2292 1526 2327 3.
1551 2292 1598 2327 ad

207 2361 288 2406 lug.
310 2360 403 2402 vm,
426 2360 460 2393 1.
484 2378 531 2384 —
566 2358 718 2393 Gravior
749 2357 787 2392 iu
815 2355 938 2391 multis
960 2354 1060 2390 codd.
1094 2355 1232 2390 scribac
1253 2358 1432 2390 mutarunt
1454 2354 1491 2388 iu
1511 2364 1595 2399 gra-

171 2416 176 2417 ⁷
208 2423 286 2456 vius
299 2448 311 2466 ‚
343 2420 477 2456 scilicet
508 2419 612 2454 veriti
645 2422 684 2454 ut
716 2416 929 2453 adiectivu'm
961 2418 1056 2450 recte
1077 2427 1158 2450 cum
1181 2416 1289 2451 verbo
1310 2413 1438 2450 sociari
1459 2416 1594 2458 posset;

208 2483 268 2518 sed
301 2493 335 2517 v.
367 2480 414 2516 ad
446 2481 522 2515 Cat.
557 2481 690 2522 XXVI,
712 2479 746 2514 5.
780 2481 816 2513 et
849 2478 894 2512 ad
926 2476 1004 2522 Iug.
1039 2477 1237 2519 xxxvul,
1268 2476 1302 2510 1.
1326 2494 1373 2500 —
1403 2474 1594 2517 Acciderat,

207 2544 301 2590 quod
323 2545 436 2578 exstat
458 2541 495 2575 iu
516 2541 603 2576 Naz.
626 2540 738 2575 Paris.
762 2552 795 2574 z.
831 2538 973 2574 Fabric.
997 2539 1032 2572 1.
1065 2539 1193 2572 Frane.
1227 2538 1262 2571 et
1283 2535 1402 2570 Berol.
1428 2535 1476 2576 1.‚
1499 2538 1595 2569 recte

207 2617 230 2640 a
253 2603 375 2639 Cottio
410 2606 444 2638 et
467 2601 655 2637 Gerlachio
687 2602 856 2646 vulgatae
885 2599 1079 2644 scripturae
1102 2597 1280 2631 accederet
1302 2595 1498 2640 praelatum
1523 2599 1594 2630 est:

206 2666 251 2700 in·
265 2667 428 2710 promptu
453 2666 506 2699 est
527 2663 621 2697 enim
652 2661 996 2712 repentinipimpetus
1019 2659 1090 2693 vim
1121 2658 1234 2692 multo
1256 2657 1512 2702 significantius
1534 2657 1591 2691 de-

190 2727 343 2773 signari
368 2726 526 2761 accidere
547 2724 681 2769 verbo,
702 2723 740 2757 in
762 2735 832 2767 quo
853 2722 952 2756 notio
976 2722 1027 2756 rei
1048 2720 1193 2766 gravis,
1225 2729 1316 2763 quae
1345 2731 1428 2754 cnm
1459 2718 1494 2753 vi
1511 2722 1592 2763 fer-

207 2794 265 2825 tur
288 2791 324 2824 et
346 2787 471 2831 irruit,
500 2785 609 2830 inest,
642 2794 748 2830 quam
781 2783 914 2820 leviore
936 2786 972 2819 et
1002 2780 1173 2817 indefiniti
1195 2793 1314 2816 sensus
1335 2780 1509 2816 vocabulo
1532 2789 1608 2814 ae—v
