1716 2996
196 138 284 181 44⁰
343 113 347 121 ’
563 132 964 179 c.sA1.1.USTl
1004 134 1232 180 cnlsm

199 250 372 296 Marius
415 255 494 295 aut
533 251 641 296 belli
686 266 820 296 usum
864 257 943 296 aut
985 253 1133 298 studia
1175 255 1302 317 volgi
1345 258 1596 303 amissurae.

201 347 300 395 Sed
331 363 387 394 ea
419 363 492 393 res
521 348 688 394 frustra
722 342 926 412 sperata3
960 355 1083 396 tanta
1117 351 1276 398 lubido
1313 367 1417 399 cum
1451 353 1599 400 Mario

204 539 257 576 id.
276 539 349 582 1v,
370 537 428 573 42.
471 536 553 580 Οἷς
589 533 660 575 οὖν
696 534 754 585 ἦν
794 540 1134 588 βουλομένοις
1160 540 1321 579 Τύλλιον
1351 541 1516 580 ἐκπεσεῖν
1537 544 1606 590 τῆς

205 599 337 648 ἀρχῆς.
373 600 509 634 Eodem
528 601 633 645 plane
655 602 762 636 modo
785 602 1014 648 Thucydides
1038 603 1097 645 VI,
1120 602 1180 638 46.
1204 604 1311 639 etiam
1335 605 1421 640 dicit
1442 607 1500 651 τῷ
1525 607 1607 641 Νι-

207 663 291 710 κίᾳ
320 660 705 708 προσδεχομένῳ
740 657 800 709 ἦν
823 660 870 699 τοὶ
894 662 1076 709 περὶτῶν
1097 660 1329 709 Ἐγεσταίων.
1374 667 1492 701 Ubere
1513 667 1609 701 hauc

210 727 424 762 structuram
447 723 639 759 illustravit
661 724 753 770 Aug.
773 723 948 760 Matthias
970 724 1007 760 in
1027 725 1188 760 Gramm.
1214 727 1277 761 Gr.
1299 727 1411 772 ampl.
1434 729 1466 770 ἓ.
1482 726 1566 763 388.
1577 739 1609 762 e.

209 798 248 832 Ρ.
271 785 356 820 712.
380 786 435 822 ed.
457 785 502 820 11.
550 785 631 820 Alia
661 786 850 830 praebent,
882 796 970 830 quos
1002 786 1228 822 Her-mannus
1259 788 1305 822 ad
1326 787 1445 834 Viget.
1470 800 1504 833 p.
1527 788 1611 825 739.

211 859 247 883 n.
272 846 355 882 181.
379 846 513 891 laudat,
538 846 651 881 Koen.
676 847 721 882 ud
750 847 860 892 Greg.
885 847 966 881 Cor.
990 859 1024 892 p.
1042 847 1124 883 376.
1139 849 1196 884 ed.
1219 849 1365 884 Scbaef.
1385 852 1421 884 et
1443 850 1612 887 Valcken.

213 909 259 945 ud
283 908 459 943 Herodot.
492 908 595 951 VIII,
618 907 699 943 101.
746 909 804 942 Ex
829 908 964 944 Latinis
985 909 1058 944 huc
1080 909 1253 954 pertinent
1274 910 1364 945 Sall.
1396 910 1476 955 lug.
1507 910 1549 953 C,
1573 910 1609 944 4.

224 970 383 1016 Vigilias
406 970 480 1015 ipse
503 969 696 1014 circumire,
719 970 774 1005 uti
797 970 977 1005 militib
990 981 1040 1004 us
1065 976 1280 1017 exaequatus
1302 981 1379 1006 cum
1401 971 1613 1015 imperatore

215 1031 350 1067 labos
383 1031 661 1067 volentibus
692 1034 827 1066 esset.
865 1029 943 1066 Liv.
973 1031 1080 1073 XXI,
1111 1030 1171 1073 5⁰,
1206 1030 1260 1066 lo.
1311 1031 1454 1066 Grande
1477 1033 1615 1078 pericu-

215 1092 289 1127 lum
313 1091 501 1127 maritimis
535 1091 737 1127 civitatibus
766 1102 840 1126 esse
873 1096 907 1127 et
938 1092 1219 1137 quibusdam
1250 1093 1519 1128 volentibus
1547 1105 1615 1128 uo·

217 1165 300 1188 eus
329 1164 407 1188 res
430 1155 554 1197 fore.
577 1151 696 1187 Tacit.
722 1152 813 1187 Ann.
835 1152 866 1195 1,
889 1153 1004 1198 59,1.
1058 1154 1103 1188 Ut
1126 1153 1381 1199 quibusque
1403 1155 1530 1189 bellum
1552 1155 1617 1190 iu-

218 1214 343 1250 viti·
375 1220 458 1249 aut
492 1213 800 1258 cupientibus
829 1218 943 1248 erat.
966 1213 1101 1251 Hister.
1123 1213 1181 1259 111,
1203 1213 1262 1257 43,
1286 1216 1380 1250 med.
1426 1216 1618 1251 Maturo

220 1276 487 1321 ceterisque
518 1285 699 1309 remanere
739 1274 1012 1309 volentibus
1044 1275 1159 1318 suit.
1190 1275 1310 1321 Agric.
1342 1288 1372 1311 c.
1402 1278 1537 1320 XVIII,
1568 1277 1618 1313 in.

223 1337 402 1382 Quibus
440 1335 566 1369 bellum
599 1336 878 1371 volentibus
920 1339 1036 1370 erat.
1067 1335 1229 1371 Macrob.
1263 1336 1407 1372 Saturn.
1430 1338 1467 1380 Ι,
1496 1338 1532 1373 7.
1579 1339 1620 1374 δι’

222 1396 502 1433 volentibus
533 1396 664 1431 vobis
705 1396 816 1438 erit,
848 1396 941 1431 diem
964 1396 1101 1441 sabulis
1132 1400 1168 1432 et
1202 1398 1312 1442 epulis
1347 1400 1540 1445 exigamus.
1571 1400 1619 1435 id.

223 1459 314 1496 ibid.
338 1459 385 1501 11,
409 1457 446 1500 3,
469 1459 556 1492 extr.
607 1456 659 1490 Si
689 1457 963 1492 volentibus
995 1457 1122 1491 vobis
1149 1459 1263 1500 erit,
1286 1459 1406 1505 aliqua
1429 1461 1503 1495 eius
1525 1463 1621 1496 rela-

223 1527 326 1558 turus
359 1531 447 1555 sum.
479 1518 548 1560 VI,
570 1515 617 1559 6,
648 1516 698 1552 in.
753 1517 930 1563 figuras,
968 1518 1000 1552 si
1030 1518 1305 1554 volentibus
1342 1522 1476 1556 vobis
1520 1523 1622 1566 erit,

225 1567 444 1619 enumerato.
491 1578 564 1614 sod
587 1577 633 1612 ad
653 1577 772 1613 huius·
786 1578 922 1612 dicendi
941 1577 1081 1624 generis
1101 1582 1266 1614 naturam
1288 1580 1532 1625 explicandam
1555 1594 1623 1618 nou

226 1642 360 1680 sufficit
391 1642 437 1677 ad
471 1641 610 1676 Graeca
647 1650 879 1684 provocasse,
913 1651 984 1684 quo
1024 1640 1175 1675 contenti
1205 1641 1305 1676 fuere
1336 1653 1476 1686 omnes,
1514 1643 1625 1679 etiam

227 1703 419 1740 Walchius
445 1702 490 1738 ad
524 1700 716 1748 Agricolae
750 1701 775 1735 1.
799 1701 825 1736 1.
849 1713 885 1746 Ρ.
910 1700 1005 1743 239.,
1029 1700 1089 1745 qui
1111 1712 1181 1736 non
1205 1707 1384 1748 perspecta
1407 1715 1547 1739 summa
1571 1705 1625 1740 rei

227 1775 391 1801 caussam
423 1766 622 1799 structurae
648 1762 686 1797 in
714 1763 826 1798 verbo
855 1763 946 1798 velle
977 1760 1136 1811 quaerit,
1164 1774 1349 1808 perperam
1380 1764 1451 1799 huc
1481 1767 1626 1802 trahens

232 1837 313 1861 eam
336 1828 568 1866 structuram,
591 1836 698 1870 quam
721 1823 920 1860 Palmerius
942 1836 985 1858 ex
1008 1823 1208 1860 coniectura
1229 1825 1346 1860 intulit
1366 1826 1447 1872 lug.
1464 1826 1626 1871 LXXIII,

232 1887 282 1930 3.,
305 1898 371 1922 nos
399 1885 655 1931 explicabimus
687 1886 732 1922 ad
756 1887 903 1930 Fragm.
927 1883 1063 1918 Hister.
1095 1885 1163 1927 IV,
1188 1884 1246 1922 17.
1279 1886 1377 1920 Gerl.
1422 1885 1544 1931 Neque
1565 1898 1628 1922 ve-

232 1959 313 1984 rum
332 1946 452 1994 tetigit
472 1948 565 1994 Aug.
590 1947 792 1983 Grotet'end.
825 1946 863 1981 in
887 1946 1048 1980 Gramm.
1071 1944 1148 1980 Lat.
1171 1946 1280 1991 ampl.
1312 1947 1390 1982 Vol.
1415 1947 1462 1983 11.
1487 1960 1523 1993 p.
1546 1946 1628 1984 354.

234 2013 269 2054 S.
300 2008 381 2044 444.
414 2012 488 2047 not.
518 2009 812 2044 constructionem
843 2008 889 2043 ad
925 2006 1102 2043 ablativos
1135 2007 1317 2042 absolutos
1346 2019 1529 2044 revocans.
1574 2010 1630 2044 Ad

235 2071 483 2107 attractionem
516 2070 694 2116 quandum
724 2071 815 2105 haec
848 2068 1024 2104 referebat
1053 2068 1304 2104 Boetticherus
1333 2069 1371 2105 iu
1406 2069 1490 2104 Lex.
1514 2070 1630 2107 Tacit.

235 2143 270 2167 v.
296 2132 466 2178 Partieip.
489 2144 525 2170 u.
548 2131 582 2167 6.
615 2144 651 2177 p.
675 2131 746 2167 343
768 2143 834 2176 sq„
867 2141 1017 2175 eamque
1048 2129 1222 2164 rationem
1253 2142 1316 2165 nos
1346 2129 1415 2175 ipsi
1446 2142 1560 2176 nuper
1593 2131 1631 2166 in

235 2192 355 2228 Iahnii
377 2192 489 2228 Novis
510 2192 653 2230 Annall.
675 2192 807 2227 Philol.
841 2194 877 2228 et
907 2191 1062 2237 Paedag.
1085 2201 1120 2228 a.
1142 2190 1246 2227 1832.
1271 2192 1350 2226 Vol.
1374 2192 1420 2226 11.
1445 2192 1548 2227 Fasc.
1572 2193 1631 2229 lv.

235 2253 391 2298 amplexi
427 2258 463 2289 et
495 2254 641 2289 uberius
679 2253 856 2299 persecuti
886 2264 1029 2295 sumus,
1063 2263 1173 2297 quam
1202 2252 1335 2287 falsam
1367 2263 1444 2287 esse
1476 2264 1546 2287 non
1568 2264 1630 2298 pu·

238 2315 298 2351 det
323 2315 500 2360 profiteri,
529 2327 615 2351 vero
647 2318 771 2360 postea
801 2315 955 2350 invento.
1001 2314 1092 2350 Nam
1124 2317 1160 2349 et
1192 2313 1323 2349 Graeci
1355 2316 1390 2348 et
1411 2313 1527 2348 Latini
1550 2325 1633 2348 usus

237 2375 333 2412 ratio
356 2387 398 2411 eo
432 2379 594 2421 constat,
629 2376 724 2422 quod
754 2375 904 2410 verbum
935 2386 1008 2410 esee
1039 2375 1099 2409 vel
1130 2372 1208 2411 εῖν
1221 2388 1272 2411 αι
1305 2385 1374 2409 non
1395 2374 1539 2418 copulae
1558 2373 1634 2408 vim

239 2437 369 2480 habet,
400 2448 514 2481 neque
541 2448 628 2482 pars
657 2435 855 2483 praedicati
879 2438 951 2479 est,
983 2435 1055 2471 alio
1077 2434 1219 2470 nomine
1238 2434 1402 2470 adiuncto
1424 2433 1633 2478 complendi,

242 2498 302 2533 sed
325 2497 568 2543 praedicatum
590 2498 730 2543 ipsum,
754 2498 933 2544 integrum
956 2499 1064 2541 atquo
1085 2497 1248 2542 plenum,
1280 2495 1412 2540 qnippe
1434 2506 1504 2539 quo
1525 2506 1634 2530 enun-

244 2559 356 2594 cietur
380 2558 513 2607 aliquid
536 2563 697 2601 exstare,
719 2558 798 2594 sive
822 2559 933 2593 locum
955 2558 1094 2593 habere.
1141 2555 1273 2591 Iamsi
1297 2555 1420 2600 aliqua
1441 2567 1521 2600 res,
1545 2566 1637 2601 quae
1709 2570 1711 2572 ·

243 2619 374 2655 dicitur
412 2617 621 2664 simpliciter
656 2623 812 2662 exstare,
855 2619 901 2654 ad
932 2618 1092 2653 dativum
1125 2627 1292 2662 personae
1335 2628 1416 2652 cum
1447 2617 1636 2662 participio

245 2680 347 2716 verbi
375 2680 566 2716 voluntatis
595 2678 821 2715 coniunctum
854 2679 1026 2721 refertur,
1067 2689 1109 2713 eo
1145 2677 1286 2723 proprie
1315 2677 1538 2724 significatur
1569 2689 1636 2713 ea·-

248 2746 383 2779 stare
416 2741 518 2778 illam
549 2752 626 2777 rem
663 2744 884 2787 respectu
917 2740 1085 2784 alicuius,
1115 2739 1175 2786 qm·
1206 2750 1285 2775 eam
1315 2740 1423 2782 velit,
1453 2738 1544 2776 ἱνα.
1575 2737 1639 2775 tuli
