1702 2982
195 139 253 178 86
571 134 615 178 G.
647 134 970 178 SALLUSTI
999 133 1223 178 CRISPI

136 257 188 297 18
198 250 436 296 Postremo
458 249 694 296 Masinissa
723 267 804 297 nos
825 253 887 296 ita
913 252 1112 309 instituit,
1146 252 1303 296 Patres
1336 253 1594 314 conscripti,

201 364 259 394 ne
295 363 432 407 quem
465 349 715 394 coleremus
752 350 835 394 nisi
869 350 1092 411 populum
1119 350 1391 421 Romanum,
1426 365 1483 395 ne
1517 365 1595 395 so-

202 446 410 503 cietates,
437 461 493 490 ne
512 446 702 491 foedera
726 462 844 492 nova
863 448 1196 507 acciperemus;
1231 447 1411 492 abunde
1430 462 1598 508 mag-na
1662 472 1665 479 ‹

201 543 425 604 praesidia
460 544 589 588 nobis
632 545 678 589 in
717 551 868 589 vostra
909 544 1101 588 amicitia
1135 545 1260 598 fore3
1297 545 1335 588 si
1367 543 1474 588 huic
1508 545 1597 588 im-

201 641 330 701 perio
365 641 545 686 fortuna
578 647 849 698 mutaretur,
884 656 972 685 una
1007 640 1136 685 nobis
1166 641 1465 686 occidendum
1486 657 1596 686 esse.

139 746 190 784 19
203 738 377 782 Virtute
420 754 474 782 ac
522 738 590 782 (lis
634 738 886 782 volentibus
929 739 1083 798 magni
1128 739 1242 783 estis·
1278 746 1323 784 et
1373 738 1599 799 opulenti,

203 836 356 879 omnia
392 835 591 879 secunda
628 841 673 880 et
717 835 976 880 obedientia
1020 842 1143 889 sunt;
1187 852 1277 895 quo
1313 835 1486 880 facilius
1522 850 1600 880 so-

136 938 192 977 20
205 932 376 976 ciorum
418 933 595 977 iniurias
643 948 800 977 curare
845 933 962 979 licet.
1035 932 1234 977 Tantum
1269 932 1382 977 illud
1422 946 1599 987 vereor,

202 1093 357 1129 Particc.
379 1094 470 1130 Latt.
491 1107 526 1140 p.
545 1094 628 1130 329.
649 1115 695 1120 ——
717 1095 788 1130 Pro
808 1100 925 1140 atque,
950 1097 1031 1128 ante
1053 1094 1214 1132 omnium.
1239 1093 1333 1138 quod
1356 1103 1477 1128 omnes
1492 1103 1603 1137 paene

204 1155 306 1189 codd.
334 1159 470 1199 tenent,
502 1157 644 1190 Coi-tius
676 1157 782 1190 tacite
807 1157 945 1201 scripsit
969 1162 1015 1191 et.
1044 1174 1089 1181 —-
1127 1156 1202 1198 Quo
1226 1156 1405 1196 occidam,
1433 1159 1498 1189 aut
1519 1166 1604 1200 quos

203 1217 402 1261 appellem?
436 1218 541 1252 Hunc
574 1219 692 1252 locum
723 1218 957 1259 Ruhnkenius
988 1217 1031 1251 ad
1064 1217 1149 1252 Rut.
1183 1216 1339 1260 Lup.11,
1366 1215 1401 1252 6.
1424 1228 1459 1260 p.
1482 1216 1529 1252 96
1551 1228 1603 1260 sq.

203 1277 356 1312 novandi
379 1279 494 1312 studio
529 1279 713 1324 indulgens
737 1291 805 1312 non
830 1290 899 1312 uno
923 1277 1064 1311 nomine
1088 1276 1257 1318 tentavit;
1287 1277 1345 1310 sed
1368 1276 1406 1310 in
1429 1277 1605 1321 plerisque

203 1339 373 1374 audacius
396 1352 503 1384 quam
519 1339 635 1374 verius
659 1342 712 1374 est
734 1340 809 1374 eius
832 1339 1016 1373 iudicium.
1064 1337 1156 1372 Nam
1179 1349 1290 1381 quum
1310 1340 1439 1373 Donat.
1461 1339 1505 1372 ad
1519 1338 1603 1373 Ter.

203 1401 337 1445 Hecyr.
369 1401 430 1443 ΙΙΙ,
454 1401 490 1442 3,
515 1399 573 1434 18.
598 1400 730 1434 referat
763 1391 972 1435 Sallustium
997 1398 1130 1433 alicubi
1153 1398 1299 1433 dixisse:
1338 1410 1408 1444 qua
1431 1400 1604 1442 accfdam,

205 1467 268 1496 aut
300 1462 396 1507 quo?
429 1461 663 1496 Ruhnkenius
708 1464 864 1496 statuens
902 1465 1060 1495 nostrum
1097 1460 1216 1494 locum
1248 1471 1270 1494 a
1300 1461 1440 1495 Donato
1478 1460 1604 1504 respici

205 1523 360 1567 primum
383 1523 606 1558 scribendum
641 1526 757 1556 censet
779 1535 844 1568 quo
873 1523 1044 1556 accidum.
1071 1521 1187 1555 ,Tum
1217 1521 1350 1555 collato
1374 1520 1479 1555 Ennii
1500 1531 1606 1555 versu

204 1584 298 1628 apud
321 1584 397 1620 Cic.
421 1584 582 1620 Tuscull.
609 1584 670 1626 111,
697 1583 756 1628 19,
781 1583 839 1617 44.
867 1594 948 1617 arce
974 1587 1008 1617 et
1031 1582 1115 1615 urbe
1138 1581 1225 1615 orba
1246 1593 1345 1622 sum3
1377 1592 1459 1626 quo
1490 1582 1606 1616 acci-

206 1644 331 1679 dam?
367 1657 453 1690 quo
486 1643 751 1689 applicem?
783 1656 874 1689 quae
898 1645 1010 1678 verba
1033 1653 1163 1687 quum,
1186 1641 1303 1677 nescio
1325 1653 1396 1686 quo
1418 1641 1508 1685 iure,
1524 1642 1608 1677 Sal·

205 1705 350 1740 lustium
382 1705 579 1741 imitatione
611 1705 821 1750 expressisse
852 1704 964 1746 dicat,
1004 1715 1088 1748 quos
1123 1704 1296 1748 appellem
1327 1707 1442 1738 mutat
1471 1704 1508 1738 in
1540 1716 1606 1749 quo

206 1768 395 1811 appellum,
419 1766 554 1801 scilicet
577 1771 617 1802 ut
639 1768 710 1801 hoc
733 1765 942 1810 respondeat
963 1764 1122 1799 Enniano
1145 1765 1334 1806 vocabulo,
1361 1775 1381 1797 e
1404 1775 1443 1797 re
1465 1765 1607 1799 nautica

206 1827 325 1863 ducto.
374 1828 534 1872 Denique
565 1832 605 1862 ut
632 1826 852 1872 sequentium
887 1826 1079 1859 verborum
1115 1828 1290 1859 structura
1322 1829 1513 1870 congruat,
1547 1827 1606 1860 ad

207 1889 410 1923 nationesne
445 1889 551 1924 scribi
582 1890 691 1926 iubet,
739 1889 841 1933 Quae
873 1890 1051 1931 postrema
1090 1890 1129 1920 ut
1167 1885 1262 1919 omui
1293 1885 1606 1921 verisimilitudinis

208 1949 325 1993 specie
349 1948 516 1985 destituta
549 1955 650 1992 sunt,
686 1950 737 1985 ita
767 1949 805 1983 in
829 1949 937 1982 verbo
962 1946 1120 1981 occidam
1151 1950 1246 1980 recte
1276 1946 1407 1981 vidisse
1434 1947 1606 1982 Ruhnke—

208 2010 308 2044 nium
331 2010 541 2054 putaverim.
589 2010 681 2045 Nam
705 2021 813 2054 quum
837 2010 880 2043 de
903 2020 946 2043 eo
967 2009 1019 2042 ita
1042 2006 1137 2041 dicat
1164 2008 1343 2052 Donatus,
1366 2011 1405 2043 ut
1427 2014 1606 2053 corrupte-

207 2071 264 2105 lae
286 2070 437 2114 suspicio
461 2082 535 2105 esse
557 2074 727 2114 nequeat,
760 2082 877 2106 sensus
905 2073 1023 2104 autem
1047 2068 1127 2102 talis
1149 2067 1214 2107 sit,
1236 2072 1276 2102 ut
1299 2070 1448 2103 verbum
1471 2070 1608 2105 nonnisi

208 2132 244 2166 in
269 2131 419 2176 supplici
444 2136 479 2166 et
501 2132 694 2166 miserabili
728 2133 912 2166 cuiusdam
946 2130 1106 2166 oratione
1133 2129 1205 2173 legi
1238 2130 1408 2173 potuerit,
1438 2130 1521 2165 talis
1542 2142 1608 2165 au-

208 2197 280 2228 tem
303 2193 417 2227 oratio
441 2193 476 2227 in
500 2192 669 2228 Historiis
701 2193 810 2228 fuisse
832 2204 901 2227 non
933 2192 1110 2232 videatur,
1145 2189 1239 2224 nibil
1261 2191 1395 2235 obstat,
1421 2191 1608 2236 quominus

208 2255 386 2289 Donatum
409 2254 479 2288 hoc
512 2254 650 2289 dicendi
675 2254 874 2298 exemplum
898 2265 939 2286 ex
963 2252 1175 2286 Adherbalis
1197 2252 1357 2287 oratione
1378 2251 1608 2296 desumpsisse

209 2318 384 2361 putemus.
433 2316 553 2360 Neque
577 2317 675 2350 obest
698 2316 732 2350 ei
755 2314 946 2350 sententiae
979 2314 1073 2357 quod
1103 2313 1223 2358 priore
1242 2313 1323 2348 loco
1348 2325 1417 2359 qua
1438 2324 1503 2357 pro
1525 2324 1606 2358 quo,

210 2377 322 2410 altero
348 2386 413 2420 quo
436 2388 499 2420 pro
523 2390 607 2422 quos
629 2378 780 2423 legitur,
806 2386 914 2419 quum
937 2374 1028 2408 nihil
1050 2374 1265 2418 frequentius
1285 2373 1331 2409 sit
1351 2373 1492 2408 relativi
1515 2372 1607 2419 siglo

209 2446 395 2483 perperam
419 2436 614 2479 intellecto,
649 2436 853 2481 praesertim
876 2436 938 2470 ubi
963 2436 1212 2470 sententiarum
1236 2446 1342 2469 nexus
1364 2435 1521 2468 sublatus
1543 2439 1606 2468 est.

210 2499 257 2534 cf.
291 2499 367 2535 Cat.
393 2498 531 2540 XVIII,
556 2498 590 2532 l.
621 2498 797 2539 XXXIX,
821 2498 855 2534 2.
889 2497 1065 2531 Drakenh.
1099 2498 1143 2530 ad
1167 2497 1243 2531 Liv.
1267 2497 1313 2537 X,
1337 2494 1395 2538 14,
1419 2494 1454 2529 4.
1503 2495 1606 2539 Quod

212 2561 351 2594 Cortius
374 2564 494 2594 autem
517 2559 681 2592 accedam
703 2569 745 2592 eo
770 2557 910 2591 defendi
929 2557 1063 2600 credit,
1088 2557 1181 2600 quod
1199 2559 1232 2599 ἓ.
1258 2555 1314 2590 15.
1338 2555 1491 2601 legitur:
1522 2567 1606 2600 quo

209 2624 435 2667 potissumum
458 2621 580 2665 infelix
604 2619 838 2662 accedam,
866 2622 900 2652 et
920 2617 1040 2652 statim
1065 2622 1162 2661 postz
1187 2629 1234 2650 cm
1258 2627 1484 2661 quoquam
1507 2616 1607 2650 adi-

212 2683 381 2724 refieet,
416 2681 475 2716 isti
508 2679 578 2715 loci
611 2679 740 2713 Donati
771 2679 887 2723 potius
919 2677 1128 2722 scripturam
1164 2678 1390 2718 confirmant,
1422 2679 1483 2711 aut
1514 2681 1608 2710 certe

211 2753 281 2778 non
304 2742 513 2787 infringunt.
562 2741 615 2776 De
639 2743 808 2784 potestate
837 2743 873 2773 et
895 2742 1072 2773 structura
1095 2738 1253 2772 accidere
1286 2736 1386 2772 verbi
1410 2737 1454 2771 de
1476 2737 1608 2783 suppli-
