1702 2982
175 192 280 234 ,ηε
567 190 611 232 e.
645 189 967 233 SALLUsrl
1000 157 1254 235 careri

196 311 359 363 retent,
394 306 532 349 multa
565 307 761 367 superba
795 312 841 351 et
875 307 1074 352 crudelia
1110 308 1309 354 facinora
1342 310 1581 356 nobilitatis

197 402 458 456 ostendere3
502 408 684 463 prorsus
730 404 918 449 intentus
962 405 1085 451 omni
1129 398 1268 450 modo
1303 407 1448 467 plebis
1483 408 1581 452 ani—

163 507 322 550 4mum
350 501 638 548 accendebat.
681 500 778 546 Sed
805 500 1015 559 quoniam
1043 517 1096 546 ea
1121 507 1388 563 tempestate
1406 504 1583 549 Romae

194 598 387 643 Memmi
428 597 637 642 facundia
672 599 792 642 clara
828 598 1093 658 pollensque
1128 598 1238 654 fuit,
1289 600 1452 646 decere
1488 601 1583 646 exi—

196 696 386 740 stumavi
430 709 565 740 unam
611 710 666 739 ex
715 702 807 739 tam
854 695 1003 739 multis
1047 696 1296 742 orationem
1340 698 1432 743 eius
1473 713 1582 758 per-
1654 685 1655 688 Ἰ

197 793 418 849 scribere,
465 807 518 836 ac
563 792 857 852 potissumum
902 788 979 837 ea'
1001 792 1174 852 dicam,
1224 795 1430 853 quaein
1474 809 1581 839 con-

195 971 256 1016 qui
273 971 482 1006 Sallustium
509 971 561 1006 ita
585 971 764 1016 scripsisse
785 970 954 1006 coniecit:
977 971 1194 1007 macionibus
1214 974 1378 1018 populum
1401 974 1449 1008 ad
1470 974 1584 1008 vindi-

194 1034 345 1068 candum
361 1033 509 1075 hortari,
532 1033 787 1078 rempublicam,
811 1033 1010 1067 libertatem
1031 1044 1076 1068 ne
1099 1033 1310 1069 desererent.
1356 1035 1466 1069 Recte
1480 1033 1586 1069 sensit

194 1094 405 1129 Gerlachius
428 1105 519 1138 quae
542 1094 604 1128 ille
626 1092 736 1128 deleri
759 1093 866 1143 yelit,
901 1105 1041 1129 monere
1073 1094 1244 1139 verbum,
1275 1093 1472 1139 particulae
1501 1105 1585 1139 pro-

192 1156 366 1191 liibitivae
386 1155 627 1200 anaphoram,
651 1167 750 1190 suam
774 1166 976 1200 pronomen,
999 1153 1044 1189 ea
1067 1154 1209 1200 singula
1231 1166 1294 1199 pro
1316 1154 1477 1190 Sallustii
1499 1166 1584 1190 con-

192 1217 271 1253 silis
294 1227 461 1262 magnam
485 1216 558 1250 vim
583 1218 716 1250 habere
738 1217 784 1250 ad
817 1227 934 1251 acrem
960 1215 1121 1251 Memmii
1143 1215 1321 1259 animum,
1360 1216 1422 1261 qui
1445 1217 1584 1261 plebem

192 1279 238 1314 ad
261 1277 380 1312 odium
404 1277 597 1312 nobilitatis
619 1277 836 1320 stimularet,
863 1277 1124 1311 declarandum.
1486 1272 1489 1273 ⁷

286 1344 321 1374 et
345 1338 516 1381 crudelia]
543 1339 590 1373 Et
614 1338 753 1372 Coi-tius
777 1337 895 1372 omisit
917 1338 988 1372 fide
1010 1338 1118 1373 trium
1141 1338 1240 1374 codd.
1261 1338 1411 1380 Guelff„
1437 1338 1583 1373 Eccard.

191 1400 299 1436 Febr.
323 1399 356 1433 1.
381 1399 416 1435 2.
444 1402 479 1433 et
501 1398 605 1432 Rem.
630 1398 688 1440 1.;
721 1399 780 1432 sed
804 1402 944 1443 praeter
965 1398 1179 1434 relicuorum
1203 1410 1408 1434 consensum
1431 1399 1584 1434 maxime

193 1462 309 1496 obstat
329 1459 495 1504 loquendi
518 1471 612 1494 usus.
659 1460 739 1503 Qua
771 1460 851 1504 lege
884 1460 955 1494 duo
991 1460 1166 1495 adiectiva
1193 1460 1412 1495 substantivo
1441 1463 1581 1504 postpo-

191 1523 258 1558 sita
281 1522 408 1566 copula
433 1531 554 1555 carere
576 1519 729 1565 possint,
760 1520 912 1555 diximus
934 1521 980 1555 ad
1003 1532 1033 1555 c.
1058 1522 1224 1566 XXVIII,
1247 1522 1282 1556 4.
1316 1521 1395 1555 Alia
1416 1520 1508 1555 ratio
1531 1523 1584 1555 est

118 1570 125 1574 “
189 1583 222 1618 si
255 1581 429 1617 adiectiva
457 1592 585 1615 nomen
615 1580 837 1624 praecedunt.
883 1580 955 1616 Ubi
985 1581 1079 1616 enim
1114 1581 1165 1616 ita
1187 1585 1393 1626 comparata
1412 1585 1513 1625 sunt,
1544 1583 1584 1616 ut

189 1647 352 1678 neutrum
383 1642 534 1676 arctiore
562 1641 715 1685 quodam
748 1651 839 1674 nexu
866 1652 947 1675 cum
979 1641 1196 1676 substantivo
1219 1642 1426 1684 cohaereat,
1458 1642 1584 1686 copula

191 1706 313 1741 abesse
337 1703 480 1748 aequin
502 1706 599 1737 recte
620 1713 707 1736 vero
730 1701 907 1736 omittitur
928 1701 959 1736 si
981 1702 1133 1736 alterum
1155 1713 1235 1736 cum
1258 1702 1399 1737 nomine
1421 1702 1456 1737 in
1477 1714 1583 1738 unam

191 1765 293 1811 quasi
314 1764 492 1799 notionem
516 1762 702 1804 coalescit,
733 1765 773 1796 ut
802 1761 899 1805 prius
930 1764 1171 1798 tantummodo
1201 1764 1276 1798 veri
1309 1762 1498 1807 praedicati
1520 1773 1583 1807 po-

191 1830 353 1862 testatem
376 1826 509 1860 habeat
522 1849 532 1867 ,
561 1835 631 1868 quo
656 1822 915 1858 substantivum
939 1835 1020 1858 cum
1043 1825 1156 1858 altero
1179 1824 1352 1859 adiectivo
1375 1824 1480 1859 simul
1495 1824 1582 1858 defi-

193 1879 391 1930 niatur.,cf.
413 1887 591 1921 Baucrum
614 1884 660 1919 ad
682 1883 800 1918 Sanct.
823 1883 973 1919 Minerv.
997 1885 1050 1928 ΙΙ,
1074 1883 1109 1919 8.
1133 1897 1169 1929 p.
1190 1885 1348 1930 24081121.
1370 1885 1482 1920 wilh.
1497 1886 1580 1921 Em.

193 1948 339 1984 Weberi
362 1947 565 1983 Exercitatt.
597 1944 682 1991 styli
710 1946 788 1980 Lat.
810 1945 884 1980 vol.
895 1945 925 1980 1.
959 1956 993 1988 p.
1012 1945 1071 1983 27.
1088 1949 1158 1980 not.
1176 1945 1236 1980 63.
1267 1946 1401 1983 Bremi.
1425 1947 1471 1980 ad
1491 1946 1580 1990 Nep.

193 2011 334 2045 Datam.
369 2020 399 2043 c.
423 2009 494 2050 Ill,
524 2006 559 2041 2.
610 2007 689 2052 Ipse
719 2006 856 2050 agresti
887 2005 1064 2050 duplici
1099 2006 1297 2040 amiculo
1332 2007 1579 2043 circumdatus.

194 2070 321 2107 Noster
342 2070 420 2114 lug.
447 2067 647 2111 XXXVIII,
670 2067 704 2102 6.
727 2067 855 2101 Cohors
877 2078 951 2101 unu
974 2066 1148 2112 Ligurum
1170 2078 1246 2103 cum
1267 2067 1390 2112 pauci·
1411 2079 1463 2114 gr
1472 2073 1582 2114 ega-

195 2131 282 2166 riis
314 2130 551 2165 militibus
582 2128 754 2163 transiere
784 2127 833 2163 nd
863 2138 998 2173 regem.
1045 2127 1206 2162 Plurima
1237 2139 1279 2162 ex
1304 2128 1407 2163 Livio
1436 2128 1585 2164 contulit

180 2190 507 2228 ‘Drakenborchius
529 2189 575 2225 ad
593 2189 623 2232 Ι,
648 2187 714 2231 14,
735 2187 771 2222 7.
796 2199 839 2223 ex
862 2188 988 2232 quibus
1009 2189 1178 2223 nonnulla
1199 2188 1271 2223 huc
1292 2189 1524 2225 mnscrib'oee
1535 2190 1582 2224 li-

196 2255 291 2295 neat,
314 2256 356 2287 ut
376 2252 416 2294 l,
439 2251 508 2296 31,
528 2251 564 2286 8.
598 2251 712 2293 Quum
734 2249 784 2284 ibi
808 2249 981 2294 quaedam
1004 2250 1136 2285 occulta
1167 2251 1397 2285 sollennia
1428 2251 1581 2286 sacri·

190 2313 312 2358 ficia
338 2313 413 2347 Iovi
445 2311 557 2346 Elicio
583 2313 689 2355 fecta
722 2310 922 2346 ίηοαιίοοεῐ.
945 2311 981 2355 1,
1005 2310 1074 2355 5⁷,
1101 2311 1158 2347 11.
1194 2311 1243 2347 Et
1271 2316 1346 2347 tum
1374 2312 1513 2357 quidem
1533 2313 1581 2346 'ab

197 2379 363 2410 nocturno
387 2374 586 2408 iuvenili
609 2373 711 2408 ludo
734 2372 772 2407 in
794 2376 914 2407 costra
936 2372 1093 2407 redeunt.
1113 2372 1223 2416 XLII,
1244 2371 1303 2415 5⁰,
1323 2373 1360 2408 6.
1387 2371 1582 2407 cervicibus

198 2447 313 2471 eorum
327 2439 586 2480 praepotentem
602 2434 859 2478 finitimum
877 2443 1030 2478 regem
1047 2433 1258 2478 imposuisse.
1271 2432 1466 2476 XXXVIII,
1477 2431 1535 2475 52,
1545 2433 1580 2468 1.

200 2497 270 2532 Hie
291 2495 462 2541 speciosus
485 2494 677 2529 ultimus
701 2494 795 2529 dies
819 2494 859 2528 P.
883 2494 1036 2538 Scipioni
1057 2494 1183 2528 illu-rit.
1230 2492 1327 2528 Addo
1348 2493 1520 2536 culm,
1544 2495 1580 2530 1.

204 2557 294 2602 Quoi
325 2557 414 2602 dono
447 2555 599 2600 lepidum
630 2565 791 2589 novum
825 2554 1063 2589 libellum?
1097 2554 1169 2588 Cic.
1194 2554 1238 2588 de
1260 2554 1372 2599 lagg.
1395 2554 1434 2595 1,
1464 2554 1498 2596 9,
1521 2554 1579 2590 ffi-

207 2619 349 2653 Natura
361 2627 477 2652 rerum
489 2616 719 2661 plurimarum
735 2616 895 2651 obscuras
917 2615 1199 2651 neccesarius
1222 2615 1582 2661 intelligentias

205 2679 381 2719 enodavit,
405 2676 497 2722 quod
515 2675 728 2710 Goerenzius
747 2687 932 2722 perperam
953 2675 1107 2722 explicat
1128 2675 1216 2709 obsc.
1235 2675 1345 2710 intell.
1369 2688 1483 2721 quae
1505 2687 1581 2710 nc-

207 2739 450 2773 cessar-’ae
472 2741 596 2778 sunt,
619 2747 729 2780 quum
751 2737 869 2781 potius
891 2740 1012 2771 contra
1032 2736 1078 2771 sit
1099 2748 1225 2771 necess.
1239 2737 1348 2771 intell.
1373 2748 1487 2782 quac
1508 2737 1581 2771 ob-

208 2810 370 2834 scurae
402 2804 523 2835 sunt.
568 2797 686 2842 Neque
708 2798 850 2833 omnino
874 2809 955 2833 usus
975 2797 1146 2833 rationem
1168 2797 1336 2833 intellexit
1358 2798 1399 2832 V.
1424 2799 1487 2842 D„
1520 2796 1582 2841 qui
