<?xml version="1.0" encoding="UTF-8"?>
<!DOCTYPE html PUBLIC "-//W3C//DTD XHTML 1.0 Transitional//EN"
    "http://www.w3.org/TR/xhtml1/DTD/xhtml1-transitional.dtd">
<html xmlns="http://www.w3.org/1999/xhtml" xml:lang="en" lang="en">
 <head>
  <title>
</title>
<meta http-equiv="Content-Type" content="text/html;charset=utf-8" />
  <meta name='ocr-system' content='tesseract 3.04.00' />
  <meta name='ocr-capabilities' content='ocr_page ocr_carea ocr_par ocr_line ocrx_word'/>
</head>
<body>
  <div class='ocr_page' id='page_1' title='image "./operaquaesupersu02salluoft/operaquaesupersu02salluoft_0035.png"; bbox 0 0 1702 2982; ppageno 0'>
   <div class='ocr_carea' id='block_1_1' title="bbox 481 180 1510 228">
    <p class='ocr_par' dir='ltr' id='par_1_1' title="bbox 481 180 1510 228">
     <span class='ocr_line' id='line_1_1' title="bbox 481 180 1510 228; baseline -0.002 0"><span class='ocrx_word' id='word_1_1' title='bbox 481 183 845 228; x_wconf 83' lang='lat' dir='ltr'>IUGURTHA.</span> <span class='ocrx_word' id='word_1_2' title='bbox 904 181 1032 226; x_wconf 79' lang='lat' dir='ltr'><strong>GAP.</strong></span> <span class='ocrx_word' id='word_1_3' title='bbox 1060 180 1137 225; x_wconf 89' lang='lat'><strong>111.</strong></span> <span class='ocrx_word' id='word_1_4' title='bbox 1454 185 1510 226; x_wconf 72' lang='lat'><strong>13</strong></span> 
     </span>
    </p>
   </div>
   <div class='ocr_carea' id='block_1_2' title="bbox 120 298 1511 457">
    <p class='ocr_par' dir='ltr' id='par_1_2' title="bbox 120 298 1511 457">
     <span class='ocr_line' id='line_1_2' title="bbox 256 298 1511 360; baseline -0.003 -12"><span class='ocrx_word' id='word_1_5' title='bbox 256 303 333 348; x_wconf 89' lang='lat'><strong>111.</strong></span> <span class='ocrx_word' id='word_1_6' title='bbox 402 301 570 347; x_wconf 90' lang='lat' dir='ltr'><strong>Verum</strong></span> <span class='ocrx_word' id='word_1_7' title='bbox 604 315 662 346; x_wconf 85' lang='lat' dir='ltr'><strong>ex</strong></span> <span class='ocrx_word' id='word_1_8' title='bbox 692 299 764 345; x_wconf 84' lang='lat' dir='ltr'><strong>his</strong></span> <span class='ocrx_word' id='word_1_9' title='bbox 794 298 1077 360; x_wconf 78' lang='lat' dir='ltr'>magistratus</span> <span class='ocrx_word' id='word_1_10' title='bbox 1106 304 1151 343; x_wconf 88' lang='lat' dir='ltr'><strong>et</strong></span> <span class='ocrx_word' id='word_1_11' title='bbox 1177 298 1385 359; x_wconf 89' lang='lat' dir='ltr'><strong>imperia,</strong></span> <span class='ocrx_word' id='word_1_12' title='bbox 1419 313 1511 359; x_wconf 87' lang='lat' dir='ltr'><strong>po-</strong></span> 
     </span>
     <span class='ocr_line' id='line_1_3' title="bbox 120 395 1510 457; baseline -0.006 -10"><span class='ocrx_word' id='word_1_13' title='bbox 120 407 285 447; x_wconf 82' lang='lat' dir='ltr'><strong>stremo</strong></span> <span class='ocrx_word' id='word_1_14' title='bbox 331 400 473 445; x_wconf 88' lang='lat' dir='ltr'><strong>omnis</strong></span> <span class='ocrx_word' id='word_1_15' title='bbox 517 414 624 444; x_wconf 85' lang='lat' dir='ltr'><strong>cura</strong></span> <span class='ocrx_word' id='word_1_16' title='bbox 667 411 820 443; x_wconf 87' lang='lat' dir='ltr'><strong>rerum</strong></span> <span class='ocrx_word' id='word_1_17' title='bbox 852 395 1134 457; x_wconf 88' lang='lat' dir='ltr'><strong>publicarum</strong></span> <span class='ocrx_word' id='word_1_18' title='bbox 1167 395 1364 440; x_wconf 83' lang='lat' dir='ltr'><strong>minume</strong></span> <span class='ocrx_word' id='word_1_19' title='bbox 1398 396 1510 440; x_wconf 86' lang='lat' dir='ltr'><strong>mihi</strong></span> 
     </span>
    </p>
   </div>
   <div class='ocr_carea' id='block_1_3' title="bbox 119 491 1510 559">
    <p class='ocr_par' dir='ltr' id='par_1_3' title="bbox 119 491 1510 559">
     <span class='ocr_line' id='line_1_4' title="bbox 119 491 1510 559; baseline -0.003 -16"><span class='ocrx_word' id='word_1_20' title='bbox 119 499 209 543; x_wconf 88' lang='lat' dir='ltr'><strong>hac</strong></span> <span class='ocrx_word' id='word_1_21' title='bbox 251 501 518 559; x_wconf 72' lang='lat' dir='ltr'><strong>tempestate</strong></span> <span class='ocrx_word' id='word_1_22' title='bbox 561 493 791 557; x_wconf 86' lang='lat' dir='ltr'><strong>cupiunda</strong></span> <span class='ocrx_word' id='word_1_23' title='bbox 830 493 1059 551; x_wconf 78' lang='lat' dir='ltr'><strong>videntur,</strong></span> <span class='ocrx_word' id='word_1_24' title='bbox 1104 491 1318 552; x_wconf 89' lang='lat' dir='ltr'><strong>quoniam</strong></span> <span class='ocrx_word' id='word_1_25' title='bbox 1360 508 1510 553; x_wconf 84' lang='lat' dir='ltr'><strong>neque</strong></span> 
     </span>
    </p>
   </div>
   <div class='ocr_carea' id='block_1_4' title="bbox 121 636 1522 2818">
    <p class='ocr_par' dir='ltr' id='par_1_4' title="bbox 121 636 1518 1358">
     <span class='ocr_line' id='line_1_5' title="bbox 121 636 1512 689; baseline -0.003 -11"><span class='ocrx_word' id='word_1_26' title='bbox 121 654 232 689; x_wconf 75' lang='lat' dir='ltr'><strong>neque</strong></span> <span class='ocrx_word' id='word_1_27' title='bbox 260 653 368 678; x_wconf 71' lang='lat' dir='ltr'><strong>naun</strong></span> <span class='ocrx_word' id='word_1_28' title='bbox 393 642 594 688; x_wconf 73' lang='lat' dir='ltr'><strong>priorem</strong></span> <span class='ocrx_word' id='word_1_29' title='bbox 622 639 766 676; x_wconf 72' lang='lat' dir='ltr'><strong>alium</strong></span> <span class='ocrx_word' id='word_1_30' title='bbox 796 640 889 685; x_wconf 73' lang='lat' dir='ltr'><strong>pati.</strong></span> <span class='ocrx_word' id='word_1_31' title='bbox 933 638 1013 674; x_wconf 76' lang='lat' dir='ltr'><strong>mv.</strong></span> <span class='ocrx_word' id='word_1_32' title='bbox 1035 638 1063 681; x_wconf 91' lang='grc'><strong>1,</strong></span> <span class='ocrx_word' id='word_1_33' title='bbox 1082 636 1143 680; x_wconf 75' lang='grc'><strong>2-1,</strong></span> <span class='ocrx_word' id='word_1_34' title='bbox 1165 637 1200 672; x_wconf 92' lang='lat'><strong>1.</strong></span> <span class='ocrx_word' id='word_1_35' title='bbox 1231 649 1295 673; x_wconf 73' lang='lat' dir='ltr'><strong>nec</strong></span> <span class='ocrx_word' id='word_1_36' title='bbox 1314 640 1429 683; x_wconf 75' lang='lat' dir='ltr'><strong>seu-mc</strong></span> <span class='ocrx_word' id='word_1_37' title='bbox 1456 649 1512 674; x_wconf 72' lang='lat' dir='ltr'><strong>re·</strong></span> 
     </span>
     <span class='ocr_line' id='line_1_6' title="bbox 123 699 1514 749; baseline -0.003 -11"><span class='ocrx_word' id='word_1_38' title='bbox 123 704 272 749; x_wconf 69' lang='lat' dir='ltr'><strong>antiqua</strong></span> <span class='ocrx_word' id='word_1_39' title='bbox 307 704 410 738; x_wconf 70' lang='lat' dir='ltr'><strong>‹111²ae</strong></span> <span class='ocrx_word' id='word_1_40' title='bbox 444 708 495 738; x_wconf 75' lang='lat' dir='ltr'><strong>est</strong></span> <span class='ocrx_word' id='word_1_41' title='bbox 533 702 750 736; x_wconf 69' lang='lat' dir='ltr'><strong>nobilior.</strong></span> <span class='ocrx_word' id='word_1_42' title='bbox 797 700 914 735; x_wconf 81' lang='lat' dir='ltr'>Tacit.</span> <span class='ocrx_word' id='word_1_43' title='bbox 943 700 1082 735; x_wconf 80' lang='lat' dir='ltr'><strong>Annali.</strong></span> <span class='ocrx_word' id='word_1_44' title='bbox 1112 700 1172 743; x_wconf 74' lang='lat' dir='ltr'><strong>vl,</strong></span> <span class='ocrx_word' id='word_1_45' title='bbox 1201 699 1237 741; x_wconf 80' lang='grc'><strong>7,</strong></span> <span class='ocrx_word' id='word_1_46' title='bbox 1264 700 1314 736; x_wconf 89' lang='lat' dir='ltr'><strong>in.</strong></span> <span class='ocrx_word' id='word_1_47' title='bbox 1346 712 1412 746; x_wconf 77' lang='lat' dir='ltr'><strong>quo</strong></span> <span class='ocrx_word' id='word_1_48' title='bbox 1443 711 1514 734; x_wconf 75' lang='lat' dir='ltr'><strong>non</strong></span> 
     </span>
     <span class='ocr_line' id='line_1_7' title="bbox 123 759 1515 808; baseline -0.001 -10"><span class='ocrx_word' id='word_1_49' title='bbox 123 765 254 798; x_wconf 76' lang='lat' dir='ltr'><strong>aliud</strong></span> <span class='ocrx_word' id='word_1_50' title='bbox 278 764 702 808; x_wconf 69' lang='lat' dir='ltr'><strong>honorificentius</strong></span> <span class='ocrx_word' id='word_1_51' title='bbox 737 761 859 796; x_wconf 82' lang='lat' dir='ltr'><strong>Cottae</strong></span> <span class='ocrx_word' id='word_1_52' title='bbox 878 762 1003 796; x_wconf 78' lang='lat' dir='ltr'><strong>evenit.</strong></span> <span class='ocrx_word' id='word_1_53' title='bbox 1050 759 1137 797; x_wconf 87' lang='lat' dir='ltr'><strong>ibid.</strong></span> <span class='ocrx_word' id='word_1_54' title='bbox 1153 772 1183 794; x_wconf 91' lang='lat' dir='ltr'><strong>c.</strong></span> <span class='ocrx_word' id='word_1_55' title='bbox 1201 760 1258 795; x_wconf 71' lang='lat'><strong>24.</strong></span> <span class='ocrx_word' id='word_1_56' title='bbox 1276 761 1325 796; x_wconf 87' lang='lat' dir='ltr'><strong>in.</strong></span> <span class='ocrx_word' id='word_1_57' title='bbox 1359 767 1426 808; x_wconf 75' lang='lat' dir='ltr'><strong>quo</strong></span> <span class='ocrx_word' id='word_1_58' title='bbox 1445 773 1515 796; x_wconf 82' lang='lat' dir='ltr'><strong>non</strong></span> 
     </span>
     <span class='ocr_line' id='line_1_8' title="bbox 124 820 1516 863; baseline -0.002 -4"><span class='ocrx_word' id='word_1_59' title='bbox 124 825 255 859; x_wconf 73' lang='lat' dir='ltr'><strong>alind</strong></span> <span class='ocrx_word' id='word_1_60' title='bbox 280 824 494 860; x_wconf 68' lang='lat' dir='ltr'><strong>atrociae</strong></span> <span class='ocrx_word' id='word_1_61' title='bbox 519 824 642 858; x_wconf 71' lang='lat' dir='ltr'><strong>visum.</strong></span> <span class='ocrx_word' id='word_1_62' title='bbox 667 841 714 847; x_wconf 95' lang='lat'><strong>—</strong></span> <span class='ocrx_word' id='word_1_63' title='bbox 739 823 875 858; x_wconf 71' lang='lat' dir='ltr'><strong>Inculta</strong></span> <span class='ocrx_word' id='word_1_64' title='bbox 898 820 986 856; x_wconf 83' lang='lat' dir='ltr'><strong>dixit</strong></span> <span class='ocrx_word' id='word_1_65' title='bbox 1009 820 1117 855; x_wconf 87' lang='lat' dir='ltr'><strong>etiam</strong></span> <span class='ocrx_word' id='word_1_66' title='bbox 1141 821 1218 855; x_wconf 82' lang='lat' dir='ltr'><strong>Cat.</strong></span> <span class='ocrx_word' id='word_1_67' title='bbox 1234 822 1351 863; x_wconf 60' lang='grc' dir='ltr'><strong>[ΝΑ.</strong></span> <span class='ocrx_word' id='word_1_68' title='bbox 1374 822 1516 856; x_wconf 78' lang='lat' dir='ltr'><strong>Cortiua</strong></span> 
     </span>
     <span class='ocr_line' id='line_1_9' title="bbox 122 882 1515 929; baseline -0.001 -9"><span class='ocrx_word' id='word_1_69' title='bbox 122 888 301 929; x_wconf 71' lang='lat' dir='ltr'><strong>praeterea</strong></span> <span class='ocrx_word' id='word_1_70' title='bbox 311 883 527 928; x_wconf 78' lang='lat' dir='ltr'><strong>comparavit</strong></span> <span class='ocrx_word' id='word_1_71' title='bbox 537 884 614 928; x_wconf 84' lang='lat' dir='ltr'><strong>Ing.</strong></span> <span class='ocrx_word' id='word_1_72' title='bbox 627 883 789 926; x_wconf 78' lang='lat' dir='ltr'>XXXIX,</span> <span class='ocrx_word' id='word_1_73' title='bbox 797 882 833 917; x_wconf 78' lang='lat'><strong>3.</strong></span> <span class='ocrx_word' id='word_1_74' title='bbox 852 895 914 918; x_wconf 72' lang='lat' dir='ltr'><strong>auo</strong></span> <span class='ocrx_word' id='word_1_75' title='bbox 928 888 1034 928; x_wconf 75' lang='lat' dir='ltr'><strong>utque</strong></span> <span class='ocrx_word' id='word_1_76' title='bbox 1043 883 1164 927; x_wconf 78' lang='lat' dir='ltr'><strong>populi</strong></span> <span class='ocrx_word' id='word_1_77' title='bbox 1184 883 1197 917; x_wconf 75' lang='lat' dir='ltr'><strong>a·</strong></span> <span class='ocrx_word' id='word_1_78' title='bbox 1204 883 1249 916; x_wconf 81' lang='grc' dir='ltr'><strong><em>πί</em></strong></span> <span class='ocrx_word' id='word_1_79' title='bbox 1260 894 1330 917; x_wconf 75' lang='lat' dir='ltr'><strong>usa</strong></span> <span class='ocrx_word' id='word_1_80' title='bbox 1339 895 1374 917; x_wconf 80' lang='grc'><strong>11.</strong></span> <span class='ocrx_word' id='word_1_81' title='bbox 1395 883 1515 918; x_wconf 77' lang='lat' dir='ltr'><strong>Plaut.</strong></span> 
     </span>
     <span class='ocr_line' id='line_1_10' title="bbox 122 943 1515 990; baseline 0 -11"><span class='ocrx_word' id='word_1_82' title='bbox 122 945 276 982; x_wconf 67' lang='lat' dir='ltr'><strong>Mostell.</strong></span> <span class='ocrx_word' id='word_1_83' title='bbox 286 946 313 988; x_wconf 92' lang='lat'><strong>1,</strong></span> <span class='ocrx_word' id='word_1_84' title='bbox 326 943 430 989; x_wconf 70' lang='lat'><strong>²2⁶5·</strong></span> <span class='ocrx_word' id='word_1_85' title='bbox 455 955 521 990; x_wconf 84' lang='lat' dir='ltr'><strong>ego</strong></span> <span class='ocrx_word' id='word_1_86' title='bbox 541 955 617 978; x_wconf 76' lang='lat' dir='ltr'><strong>sum</strong></span> <span class='ocrx_word' id='word_1_87' title='bbox 640 944 773 978; x_wconf 73' lang='lat' dir='ltr'><strong>innan</strong></span> <span class='ocrx_word' id='word_1_88' title='bbox 788 947 911 988; x_wconf 67' lang='lat' dir='ltr'><strong>sactae</strong></span> <span class='ocrx_word' id='word_1_89' title='bbox 925 945 1032 978; x_wconf 74' lang='lat' dir='ltr'><strong>nimio</strong></span> <span class='ocrx_word' id='word_1_90' title='bbox 1047 944 1203 989; x_wconf 73' lang='lat' dir='ltr'><strong>nequior.</strong></span> <span class='ocrx_word' id='word_1_91' title='bbox 1226 944 1423 978; x_wconf 87' lang='lat' dir='ltr'><strong>Trinumm.</strong></span> <span class='ocrx_word' id='word_1_92' title='bbox 1441 944 1515 987; x_wconf 78' lang='lat' dir='ltr'>1,z‚</span> 
     </span>
     <span class='ocr_line' id='line_1_11' title="bbox 123 1004 1514 1050; baseline 0 -11"><span class='ocrx_word' id='word_1_93' title='bbox 123 1005 206 1040; x_wconf 75' lang='lat'><strong>130.</strong></span> <span class='ocrx_word' id='word_1_94' title='bbox 230 1006 497 1041; x_wconf 67' lang='lat' dir='ltr'><strong>inconsultu</strong></span> <span class='ocrx_word' id='word_1_95' title='bbox 518 1017 606 1039; x_wconf 83' lang='lat' dir='ltr'><strong>meo.</strong></span> <span class='ocrx_word' id='word_1_96' title='bbox 629 1016 664 1039; x_wconf 81' lang='lat' dir='ltr'><strong>v.</strong></span> <span class='ocrx_word' id='word_1_97' title='bbox 679 1006 787 1040; x_wconf 86' lang='lat' dir='ltr'><strong>etiam</strong></span> <span class='ocrx_word' id='word_1_98' title='bbox 804 1007 907 1040; x_wconf 88' lang='lat' dir='ltr'><strong>Conr.</strong></span> <span class='ocrx_word' id='word_1_99' title='bbox 919 1006 1024 1050; x_wconf 52' lang='grc' dir='ltr'><strong>[ηομ.</strong></span> <span class='ocrx_word' id='word_1_100' title='bbox 1036 1004 1244 1040; x_wconf 88' lang='lat' dir='ltr'><strong>Schneideri</strong></span> <span class='ocrx_word' id='word_1_101' title='bbox 1263 1005 1422 1039; x_wconf 88' lang='lat' dir='ltr'><strong>Gramm.</strong></span> <span class='ocrx_word' id='word_1_102' title='bbox 1436 1006 1514 1040; x_wconf 74' lang='lat' dir='ltr'><strong>Lat.</strong></span> 
     </span>
     <span class='ocr_line' id='line_1_12' title="bbox 123 1066 1516 1111; baseline 0.001 -11"><span class='ocrx_word' id='word_1_103' title='bbox 123 1066 212 1108; x_wconf 83' lang='lat'><strong>11‚1.</strong></span> <span class='ocrx_word' id='word_1_104' title='bbox 230 1078 264 1110; x_wconf 79' lang='lat' dir='ltr'><strong>p.</strong></span> <span class='ocrx_word' id='word_1_105' title='bbox 277 1066 357 1100; x_wconf 63' lang='lat'><strong>442.</strong></span> <span class='ocrx_word' id='word_1_106' title='bbox 368 1066 401 1100; x_wconf 90' lang='lat' dir='ltr'><strong>d.</strong></span> <span class='ocrx_word' id='word_1_107' title='bbox 413 1079 448 1101; x_wconf 86' lang='grc' dir='ltr'><strong>α.</strong></span> <span class='ocrx_word' id='word_1_108' title='bbox 471 1086 518 1092; x_wconf 91' lang='grc'><strong>-</strong></span> <span class='ocrx_word' id='word_1_109' title='bbox 543 1067 656 1110; x_wconf 76' lang='lat' dir='ltr'><strong>Quum</strong></span> <span class='ocrx_word' id='word_1_110' title='bbox 671 1068 877 1111; x_wconf 65' lang='lat' dir='ltr'><strong>praesertim</strong></span> <span class='ocrx_word' id='word_1_111' title='bbox 894 1071 1034 1111; x_wconf 81' lang='lat' dir='ltr'><strong>propter</strong></span> <span class='ocrx_word' id='word_1_112' title='bbox 1049 1067 1238 1101; x_wconf 80' lang='lat' dir='ltr'><strong>verborum</strong></span> <span class='ocrx_word' id='word_1_113' title='bbox 1257 1066 1414 1100; x_wconf 84' lang='lat' dir='ltr'><strong>ordinem</strong></span> <span class='ocrx_word' id='word_1_114' title='bbox 1434 1066 1516 1101; x_wconf 81' lang='lat' dir='ltr'><strong>teti-</strong></span> 
     </span>
     <span class='ocr_line' id='line_1_13' title="bbox 123 1125 1518 1172; baseline 0.002 -13"><span class='ocrx_word' id='word_1_115' title='bbox 123 1125 242 1171; x_wconf 76' lang='lat' dir='ltr'><strong>gimus</strong></span> <span class='ocrx_word' id='word_1_116' title='bbox 255 1126 297 1161; x_wconf 81' lang='lat' dir='ltr'><strong>ad</strong></span> <span class='ocrx_word' id='word_1_117' title='bbox 309 1126 412 1162; x_wconf 78' lang='lat' dir='ltr'><strong>Catil.</strong></span> <span class='ocrx_word' id='word_1_118' title='bbox 425 1139 455 1161; x_wconf 87' lang='lat' dir='ltr'><strong>c.</strong></span> <span class='ocrx_word' id='word_1_119' title='bbox 469 1127 526 1169; x_wconf 77' lang='lat' dir='ltr'><strong>LI,</strong></span> <span class='ocrx_word' id='word_1_120' title='bbox 536 1128 593 1161; x_wconf 80' lang='lat'><strong>19.</strong></span> <span class='ocrx_word' id='word_1_121' title='bbox 618 1127 798 1172; x_wconf 77' lang='lat' dir='ltr'><strong>Exemplis</strong></span> <span class='ocrx_word' id='word_1_122' title='bbox 811 1127 860 1161; x_wconf 87' lang='lat' dir='ltr'><strong>ibi</strong></span> <span class='ocrx_word' id='word_1_123' title='bbox 879 1127 1029 1162; x_wconf 71' lang='lat' dir='ltr'><strong>laudatis</strong></span> <span class='ocrx_word' id='word_1_124' title='bbox 1046 1127 1105 1162; x_wconf 86' lang='lat' dir='ltr'><strong>hic</strong></span> <span class='ocrx_word' id='word_1_125' title='bbox 1118 1128 1280 1162; x_wconf 71' lang='lat' dir='ltr'><strong>addimue</strong></span> <span class='ocrx_word' id='word_1_126' title='bbox 1296 1139 1387 1171; x_wconf 90' lang='lat' dir='ltr'><strong>quae</strong></span> <span class='ocrx_word' id='word_1_127' title='bbox 1397 1129 1518 1163; x_wconf 80' lang='lat' dir='ltr'><strong>Faber</strong></span> 
     </span>
     <span class='ocr_line' id='line_1_14' title="bbox 124 1187 1515 1232; baseline 0.001 -11"><span class='ocrx_word' id='word_1_128' title='bbox 124 1187 262 1229; x_wconf 83' lang='lat' dir='ltr'><strong>attulit,</strong></span> <span class='ocrx_word' id='word_1_129' title='bbox 284 1187 358 1221; x_wconf 87' lang='lat' dir='ltr'><strong>Cic.</strong></span> <span class='ocrx_word' id='word_1_130' title='bbox 376 1187 469 1221; x_wconf 85' lang='lat' dir='ltr'><strong>Phil.</strong></span> <span class='ocrx_word' id='word_1_131' title='bbox 484 1188 527 1230; x_wconf 87' lang='lat'><strong>11,</strong></span> <span class='ocrx_word' id='word_1_132' title='bbox 537 1187 595 1231; x_wconf 77' lang='lat'><strong>29,</strong></span> <span class='ocrx_word' id='word_1_133' title='bbox 607 1188 665 1222; x_wconf 79' lang='lat'><strong>71.</strong></span> <span class='ocrx_word' id='word_1_134' title='bbox 684 1188 728 1222; x_wconf 90' lang='lat' dir='ltr'><strong>de</strong></span> <span class='ocrx_word' id='word_1_135' title='bbox 744 1188 816 1230; x_wconf 71' lang='lat' dir='ltr'><strong>Off.</strong></span> <span class='ocrx_word' id='word_1_136' title='bbox 830 1189 874 1229; x_wconf 87' lang='grc'><strong>11,</strong></span> <span class='ocrx_word' id='word_1_137' title='bbox 888 1189 944 1232; x_wconf 81' lang='grc'><strong>16,</strong></span> <span class='ocrx_word' id='word_1_138' title='bbox 956 1189 1015 1224; x_wconf 84' lang='lat'><strong>56.</strong></span> <span class='ocrx_word' id='word_1_139' title='bbox 1037 1190 1182 1231; x_wconf 72' lang='lat' dir='ltr'><strong>Lilel,</strong></span> <span class='ocrx_word' id='word_1_140' title='bbox 1195 1189 1297 1230; x_wconf 79' lang='lat'><strong>52,9.</strong></span> <span class='ocrx_word' id='word_1_141' title='bbox 1323 1189 1392 1232; x_wconf 84' lang='lat' dir='ltr'><strong>[cf.</strong></span> <span class='ocrx_word' id='word_1_142' title='bbox 1404 1189 1515 1223; x_wconf 77' lang='lat' dir='ltr'><strong>Orell-</strong></span> 
     </span>
     <span class='ocr_line' id='line_1_15' title="bbox 124 1247 1516 1293; baseline 0.002 -11"><span class='ocrx_word' id='word_1_143' title='bbox 124 1247 171 1282; x_wconf 83' lang='lat' dir='ltr'><strong>ad</strong></span> <span class='ocrx_word' id='word_1_144' title='bbox 179 1248 252 1283; x_wconf 87' lang='lat' dir='ltr'><strong>Cic.</strong></span> <span class='ocrx_word' id='word_1_145' title='bbox 262 1247 403 1292; x_wconf 74' lang='lat' dir='ltr'><strong>Orat-p.</strong></span> <span class='ocrx_word' id='word_1_146' title='bbox 416 1248 473 1283; x_wconf 81' lang='lat'><strong>26.</strong></span> <span class='ocrx_word' id='word_1_147' title='bbox 486 1249 540 1283; x_wconf 91' lang='lat' dir='ltr'><strong>ed.</strong></span> <span class='ocrx_word' id='word_1_148' title='bbox 551 1249 635 1283; x_wconf 88' lang='lat' dir='ltr'><strong>min.</strong></span> <span class='ocrx_word' id='word_1_149' title='bbox 653 1248 735 1293; x_wconf 77' lang='lat' dir='ltr'><strong>Fn.]</strong></span> <span class='ocrx_word' id='word_1_150' title='bbox 753 1268 800 1274; x_wconf 93' lang='lat'><strong>—-</strong></span> <span class='ocrx_word' id='word_1_151' title='bbox 817 1249 996 1285; x_wconf 66' lang='lat' dir='ltr'><strong>Claritudo</strong></span> <span class='ocrx_word' id='word_1_152' title='bbox 1011 1263 1074 1285; x_wconf 90' lang='lat' dir='ltr'><strong>cur</strong></span> <span class='ocrx_word' id='word_1_153' title='bbox 1091 1250 1284 1285; x_wconf 74' lang='lat' dir='ltr'><strong>Sallustius</strong></span> <span class='ocrx_word' id='word_1_154' title='bbox 1304 1250 1420 1283; x_wconf 81' lang='lat' dir='ltr'><strong>dicere</strong></span> <span class='ocrx_word' id='word_1_155' title='bbox 1436 1260 1516 1285; x_wconf 80' lang='lat' dir='ltr'><strong>ma-</strong></span> 
     </span>
     <span class='ocr_line' id='line_1_16' title="bbox 124 1308 1510 1358; baseline 0.001 -16"><span class='ocrx_word' id='word_1_156' title='bbox 124 1308 249 1350; x_wconf 85' lang='lat' dir='ltr'><strong>luerit,</strong></span> <span class='ocrx_word' id='word_1_157' title='bbox 273 1320 379 1353; x_wconf 80' lang='lat' dir='ltr'><strong>quam</strong></span> <span class='ocrx_word' id='word_1_158' title='bbox 394 1309 558 1353; x_wconf 69' lang='lat' dir='ltr'><strong>claritas,</strong></span> <span class='ocrx_word' id='word_1_159' title='bbox 583 1309 800 1354; x_wconf 83' lang='lat' dir='ltr'><strong>intelligetur</strong></span> <span class='ocrx_word' id='word_1_160' title='bbox 818 1321 860 1344; x_wconf 84' lang='lat' dir='ltr'><strong>ex</strong></span> <span class='ocrx_word' id='word_1_161' title='bbox 877 1312 1005 1346; x_wconf 77' lang='lat' dir='ltr'><strong>notatis</strong></span> <span class='ocrx_word' id='word_1_162' title='bbox 1024 1313 1069 1347; x_wconf 87' lang='lat' dir='ltr'><strong>ad</strong></span> <span class='ocrx_word' id='word_1_163' title='bbox 1092 1312 1195 1347; x_wconf 90' lang='lat' dir='ltr'><strong>Catil.</strong></span> <span class='ocrx_word' id='word_1_164' title='bbox 1215 1324 1246 1348; x_wconf 80' lang='lat' dir='ltr'><strong>c.</strong></span> <span class='ocrx_word' id='word_1_165' title='bbox 1268 1311 1378 1355; x_wconf 75' lang='lat' dir='ltr'><strong>xm,</strong></span> <span class='ocrx_word' id='word_1_166' title='bbox 1397 1311 1433 1345; x_wconf 83' lang='lat'><strong>2.</strong></span> <span class='ocrx_word' id='word_1_167' title='bbox 1505 1351 1510 1358; x_wconf 37' lang='grc' dir='ltr'>ι</span> 
     </span>
    </p>

    <p class='ocr_par' dir='ltr' id='par_1_5' title="bbox 125 1370 1522 2818">
     <span class='ocr_line' id='line_1_17' title="bbox 214 1370 1518 1417; baseline 0.002 -13"><span class='ocrx_word' id='word_1_168' title='bbox 214 1371 276 1405; x_wconf 87' lang='grc'><strong>111.</strong></span> <span class='ocrx_word' id='word_1_169' title='bbox 320 1373 354 1413; x_wconf 74' lang='lat' dir='ltr'><strong>S.</strong></span> <span class='ocrx_word' id='word_1_170' title='bbox 377 1370 411 1404; x_wconf 92' lang='lat' dir='ltr'><strong>l.</strong></span> <span class='ocrx_word' id='word_1_171' title='bbox 458 1371 690 1415; x_wconf 70' lang='lat' dir='ltr'><strong>magistratus</strong></span> <span class='ocrx_word' id='word_1_172' title='bbox 721 1376 757 1406; x_wconf 82' lang='lat' dir='ltr'><strong>ct</strong></span> <span class='ocrx_word' id='word_1_173' title='bbox 786 1372 956 1417; x_wconf 76' lang='lat' dir='ltr'><strong>imperia]</strong></span> <span class='ocrx_word' id='word_1_174' title='bbox 990 1374 1214 1417; x_wconf 80' lang='lat' dir='ltr'><strong>Quamquam</strong></span> <span class='ocrx_word' id='word_1_175' title='bbox 1232 1373 1323 1407; x_wconf 88' lang='lat' dir='ltr'><strong>haec</strong></span> <span class='ocrx_word' id='word_1_176' title='bbox 1339 1372 1518 1407; x_wconf 72' lang='lat' dir='ltr'><strong>vocabula</strong></span> 
     </span>
     <span class='ocr_line' id='line_1_18' title="bbox 125 1430 1518 1477; baseline 0.001 -11"><span class='ocrx_word' id='word_1_177' title='bbox 125 1442 228 1475; x_wconf 72' lang='lat' dir='ltr'><strong>saepe</strong></span> <span class='ocrx_word' id='word_1_178' title='bbox 246 1430 446 1476; x_wconf 75' lang='lat' dir='ltr'><strong>promiscue</strong></span> <span class='ocrx_word' id='word_1_179' title='bbox 467 1430 517 1464; x_wconf 89' lang='lat' dir='ltr'><strong>ita</strong></span> <span class='ocrx_word' id='word_1_180' title='bbox 534 1436 766 1475; x_wconf 68' lang='lat' dir='ltr'><strong>usurpantur,</strong></span> <span class='ocrx_word' id='word_1_181' title='bbox 789 1436 828 1470; x_wconf 84' lang='lat' dir='ltr'><strong>ut</strong></span> <span class='ocrx_word' id='word_1_182' title='bbox 849 1433 884 1467; x_wconf 88' lang='lat' dir='ltr'><strong>in</strong></span> <span class='ocrx_word' id='word_1_183' title='bbox 909 1433 1110 1467; x_wconf 80' lang='lat' dir='ltr'><strong>universum</strong></span> <span class='ocrx_word' id='word_1_184' title='bbox 1136 1432 1272 1468; x_wconf 79' lang='lat' dir='ltr'><strong>maiora</strong></span> <span class='ocrx_word' id='word_1_185' title='bbox 1297 1431 1518 1477; x_wconf 82' lang='lat' dir='ltr'><strong>reipublicae</strong></span> 
     </span>
     <span class='ocr_line' id='line_1_19' title="bbox 126 1491 1518 1537; baseline 0.001 -12"><span class='ocrx_word' id='word_1_186' title='bbox 126 1491 419 1526; x_wconf 70' lang='lat' dir='ltr'><strong>administrandae</strong></span> <span class='ocrx_word' id='word_1_187' title='bbox 433 1502 578 1526; x_wconf 89' lang='lat' dir='ltr'><strong>munera</strong></span> <span class='ocrx_word' id='word_1_188' title='bbox 596 1491 813 1537; x_wconf 75' lang='lat' dir='ltr'><strong>significent,</strong></span> <span class='ocrx_word' id='word_1_189' title='bbox 836 1494 988 1528; x_wconf 89' lang='lat' dir='ltr'><strong>multum</strong></span> <span class='ocrx_word' id='word_1_190' title='bbox 1007 1497 1125 1528; x_wconf 89' lang='lat' dir='ltr'><strong>tamen</strong></span> <span class='ocrx_word' id='word_1_191' title='bbox 1140 1493 1232 1528; x_wconf 87' lang='lat' dir='ltr'><strong>inter</strong></span> <span class='ocrx_word' id='word_1_192' title='bbox 1245 1496 1432 1537; x_wconf 88' lang='lat' dir='ltr'><strong>utrumque</strong></span> <span class='ocrx_word' id='word_1_193' title='bbox 1456 1492 1518 1527; x_wconf 87' lang='lat' dir='ltr'><strong>in-</strong></span> 
     </span>
     <span class='ocr_line' id='line_1_20' title="bbox 126 1552 1519 1598; baseline 0.001 -11"><span class='ocrx_word' id='word_1_194' title='bbox 126 1555 243 1588; x_wconf 69' lang='lat' dir='ltr'><strong>tamt.</strong></span> <span class='ocrx_word' id='word_1_195' title='bbox 286 1554 339 1586; x_wconf 83' lang='grc' dir='ltr'><strong>Δο</strong></span> <span class='ocrx_word' id='word_1_196' title='bbox 354 1552 586 1596; x_wconf 74' lang='lat' dir='ltr'><strong>magistratus</strong></span> <span class='ocrx_word' id='word_1_197' title='bbox 603 1552 744 1595; x_wconf 84' lang='lat' dir='ltr'><strong>quidem</strong></span> <span class='ocrx_word' id='word_1_198' title='bbox 761 1553 845 1587; x_wconf 76' lang='lat' dir='ltr'><strong>satis</strong></span> <span class='ocrx_word' id='word_1_199' title='bbox 866 1558 988 1588; x_wconf 89' lang='lat' dir='ltr'><strong>notum</strong></span> <span class='ocrx_word' id='word_1_200' title='bbox 1003 1558 1055 1588; x_wconf 79' lang='lat' dir='ltr'><strong>est</strong></span> <span class='ocrx_word' id='word_1_201' title='bbox 1073 1553 1225 1598; x_wconf 80' lang='lat' dir='ltr'><strong>intelligi</strong></span> <span class='ocrx_word' id='word_1_202' title='bbox 1241 1563 1389 1587; x_wconf 88' lang='lat' dir='ltr'><strong>munera</strong></span> <span class='ocrx_word' id='word_1_203' title='bbox 1407 1553 1519 1588; x_wconf 85' lang='lat' dir='ltr'><strong>dicta-</strong></span> 
     </span>
     <span class='ocr_line' id='line_1_21' title="bbox 127 1612 1518 1658; baseline 0.002 -12"><span class='ocrx_word' id='word_1_204' title='bbox 127 1615 265 1655; x_wconf 77' lang='lat' dir='ltr'><strong>torum,</strong></span> <span class='ocrx_word' id='word_1_205' title='bbox 288 1612 489 1653; x_wconf 70' lang='lat' dir='ltr'><strong>contulum,</strong></span> <span class='ocrx_word' id='word_1_206' title='bbox 513 1617 737 1656; x_wconf 82' lang='lat' dir='ltr'><strong>praetorum,</strong></span> <span class='ocrx_word' id='word_1_207' title='bbox 761 1625 963 1656; x_wconf 78' lang='lat' dir='ltr'><strong>censorum,</strong></span> <span class='ocrx_word' id='word_1_208' title='bbox 988 1614 1048 1658; x_wconf 86' lang='lat' dir='ltr'><strong>qui</strong></span> <span class='ocrx_word' id='word_1_209' title='bbox 1072 1614 1182 1649; x_wconf 84' lang='lat' dir='ltr'><strong>etiam</strong></span> <span class='ocrx_word' id='word_1_210' title='bbox 1207 1615 1357 1648; x_wconf 76' lang='lat' dir='ltr'><strong>maiores</strong></span> <span class='ocrx_word' id='word_1_211' title='bbox 1381 1625 1518 1649; x_wconf 79' lang='lat' dir='ltr'><strong>vocan-</strong></span> 
     </span>
     <span class='ocr_line' id='line_1_22' title="bbox 129 1671 1516 1723; baseline 0.002 -15"><span class='ocrx_word' id='word_1_212' title='bbox 129 1675 206 1714; x_wconf 81' lang='lat' dir='ltr'><strong>tur,</strong></span> <span class='ocrx_word' id='word_1_213' title='bbox 228 1671 380 1712; x_wconf 57' lang='lat' dir='ltr'><strong>comitiis</strong></span> <span class='ocrx_word' id='word_1_214' title='bbox 396 1672 615 1715; x_wconf 77' lang='lat' dir='ltr'><strong>centuriatis,</strong></span> <span class='ocrx_word' id='word_1_215' title='bbox 639 1677 776 1717; x_wconf 84' lang='lat' dir='ltr'><strong>praeter</strong></span> <span class='ocrx_word' id='word_1_216' title='bbox 792 1674 1001 1723; x_wconf 74' lang='lat' dir='ltr'><strong>dictatores,</strong></span> <span class='ocrx_word' id='word_1_217' title='bbox 1023 1675 1144 1711; x_wconf 85' lang='lat' dir='ltr'><strong>creati.</strong></span> <span class='ocrx_word' id='word_1_218' title='bbox 1188 1676 1414 1720; x_wconf 80' lang='lat' dir='ltr'><strong>Imperiorum</strong></span> <span class='ocrx_word' id='word_1_219' title='bbox 1445 1676 1516 1711; x_wconf 90' lang='lat' dir='ltr'><strong>duo</strong></span> 
     </span>
     <span class='ocr_line' id='line_1_23' title="bbox 129 1733 1518 1778; baseline 0.002 -11"><span class='ocrx_word' id='word_1_220' title='bbox 129 1743 261 1778; x_wconf 69' lang='lat' dir='ltr'><strong>genera</strong></span> <span class='ocrx_word' id='word_1_221' title='bbox 284 1736 383 1774; x_wconf 76' lang='lat' dir='ltr'><strong>eunt,</strong></span> <span class='ocrx_word' id='word_1_222' title='bbox 417 1733 518 1767; x_wconf 78' lang='lat' dir='ltr'><strong>civile</strong></span> <span class='ocrx_word' id='word_1_223' title='bbox 539 1734 711 1775; x_wconf 84' lang='lat' dir='ltr'><strong>alterum,</strong></span> <span class='ocrx_word' id='word_1_224' title='bbox 744 1735 894 1769; x_wconf 88' lang='lat' dir='ltr'><strong>alterum</strong></span> <span class='ocrx_word' id='word_1_225' title='bbox 920 1736 1084 1771; x_wconf 80' lang='lat' dir='ltr'><strong>militare.</strong></span> <span class='ocrx_word' id='word_1_226' title='bbox 1129 1736 1220 1770; x_wconf 90' lang='lat' dir='ltr'><strong>Illud</strong></span> <span class='ocrx_word' id='word_1_227' title='bbox 1241 1737 1420 1771; x_wconf 74' lang='lat' dir='ltr'><strong>constabat</strong></span> <span class='ocrx_word' id='word_1_228' title='bbox 1439 1737 1518 1771; x_wconf 89' lang='lat' dir='ltr'><strong>iure</strong></span> 
     </span>
     <span class='ocr_line' id='line_1_24' title="bbox 129 1793 1518 1840; baseline 0.003 -11"><span class='ocrx_word' id='word_1_229' title='bbox 129 1793 302 1836; x_wconf 73' lang='lat' dir='ltr'><strong>edicendi,</strong></span> <span class='ocrx_word' id='word_1_230' title='bbox 322 1793 574 1837; x_wconf 76' lang='lat' dir='ltr'><strong>prehendendi,</strong></span> <span class='ocrx_word' id='word_1_231' title='bbox 594 1794 910 1836; x_wconf 71' lang='lat' dir='ltr'><strong>animadvertendi,</strong></span> <span class='ocrx_word' id='word_1_232' title='bbox 932 1795 1131 1839; x_wconf 88' lang='lat' dir='ltr'><strong>coercendi,</strong></span> <span class='ocrx_word' id='word_1_233' title='bbox 1154 1795 1190 1830; x_wconf 89' lang='lat' dir='ltr'><strong>in</strong></span> <span class='ocrx_word' id='word_1_234' title='bbox 1207 1797 1387 1840; x_wconf 82' lang='lat' dir='ltr'><strong>provincia</strong></span> <span class='ocrx_word' id='word_1_235' title='bbox 1403 1798 1518 1833; x_wconf 80' lang='lat' dir='ltr'><strong>securi</strong></span> 
     </span>
     <span class='ocr_line' id='line_1_25' title="bbox 130 1853 1518 1902; baseline 0.006 -15"><span class='ocrx_word' id='word_1_236' title='bbox 130 1853 297 1898; x_wconf 67' lang='lat' dir='ltr'><strong>feriandi,</strong></span> <span class='ocrx_word' id='word_1_237' title='bbox 321 1853 531 1897; x_wconf 83' lang='lat' dir='ltr'><strong>omninoque</strong></span> <span class='ocrx_word' id='word_1_238' title='bbox 559 1865 681 1889; x_wconf 88' lang='lat' dir='ltr'><strong>earum</strong></span> <span class='ocrx_word' id='word_1_239' title='bbox 711 1868 831 1890; x_wconf 87' lang='lat' dir='ltr'><strong>rerum</strong></span> <span class='ocrx_word' id='word_1_240' title='bbox 863 1861 1051 1901; x_wconf 74' lang='lat' dir='ltr'><strong>potestate,</strong></span> <span class='ocrx_word' id='word_1_241' title='bbox 1075 1867 1168 1900; x_wconf 87' lang='lat' dir='ltr'><strong>quae</strong></span> <span class='ocrx_word' id='word_1_242' title='bbox 1194 1869 1260 1902; x_wconf 84' lang='lat' dir='ltr'><strong>pro</strong></span> <span class='ocrx_word' id='word_1_243' title='bbox 1281 1860 1436 1894; x_wconf 77' lang='lat' dir='ltr'><strong>muneris</strong></span> <span class='ocrx_word' id='word_1_244' title='bbox 1457 1871 1518 1895; x_wconf 82' lang='lat' dir='ltr'><strong>ra·</strong></span> 
     </span>
     <span class='ocr_line' id='line_1_26' title="bbox 130 1912 1517 1963; baseline 0.004 -14"><span class='ocrx_word' id='word_1_245' title='bbox 130 1914 224 1949; x_wconf 87' lang='lat' dir='ltr'><strong>tione</strong></span> <span class='ocrx_word' id='word_1_246' title='bbox 247 1914 405 1960; x_wconf 82' lang='lat' dir='ltr'><strong>agendae</strong></span> <span class='ocrx_word' id='word_1_247' title='bbox 426 1919 555 1958; x_wconf 67' lang='lat' dir='ltr'><strong>meent,</strong></span> <span class='ocrx_word' id='word_1_248' title='bbox 580 1926 622 1950; x_wconf 89' lang='lat' dir='ltr'><strong>ac</strong></span> <span class='ocrx_word' id='word_1_249' title='bbox 642 1916 747 1950; x_wconf 82' lang='lat' dir='ltr'><strong>simul</strong></span> <span class='ocrx_word' id='word_1_250' title='bbox 763 1928 842 1951; x_wconf 87' lang='lat' dir='ltr'><strong>eum</strong></span> <span class='ocrx_word' id='word_1_251' title='bbox 859 1918 937 1962; x_wconf 81' lang='lat' dir='ltr'><strong>ipso</strong></span> <span class='ocrx_word' id='word_1_252' title='bbox 956 1917 1183 1963; x_wconf 73' lang='lat' dir='ltr'><strong>magistratus</strong></span> <span class='ocrx_word' id='word_1_253' title='bbox 1201 1912 1340 1960; x_wconf 54' lang='lat' dir='ltr'><strong>bonore,</strong></span> <span class='ocrx_word' id='word_1_254' title='bbox 1355 1920 1517 1955; x_wconf 88' lang='lat' dir='ltr'><strong>dabatur.</strong></span> 
     </span>
     <span class='ocr_line' id='line_1_27' title="bbox 130 1975 1519 2025; baseline 0.003 -15"><span class='ocrx_word' id='word_1_255' title='bbox 130 1975 211 2010; x_wconf 79' lang='lat' dir='ltr'><strong>Hoc</strong></span> <span class='ocrx_word' id='word_1_256' title='bbox 224 1986 309 2009; x_wconf 74' lang='lat' dir='ltr'><strong>vero</strong></span> <span class='ocrx_word' id='word_1_257' title='bbox 326 1976 520 2019; x_wconf 73' lang='lat' dir='ltr'><strong>pertinebat</strong></span> <span class='ocrx_word' id='word_1_258' title='bbox 538 1977 581 2010; x_wconf 89' lang='lat' dir='ltr'><strong>ad</strong></span> <span class='ocrx_word' id='word_1_259' title='bbox 603 1980 808 2021; x_wconf 78' lang='lat' dir='ltr'><strong>potestatem</strong></span> <span class='ocrx_word' id='word_1_260' title='bbox 830 1979 913 2013; x_wconf 90' lang='lat' dir='ltr'><strong>belli</strong></span> <span class='ocrx_word' id='word_1_261' title='bbox 934 1978 1099 2025; x_wconf 83' lang='lat' dir='ltr'><strong>gerendi,</strong></span> <span class='ocrx_word' id='word_1_262' title='bbox 1123 1990 1213 2023; x_wconf 88' lang='lat' dir='ltr'><strong>quae</strong></span> <span class='ocrx_word' id='word_1_263' title='bbox 1230 1980 1326 2014; x_wconf 78' lang='lat' dir='ltr'><strong>facto</strong></span> <span class='ocrx_word' id='word_1_264' title='bbox 1348 1980 1419 2014; x_wconf 87' lang='lat' dir='ltr'><strong>iarn</strong></span> <span class='ocrx_word' id='word_1_265' title='bbox 1439 1992 1519 2015; x_wconf 88' lang='lat' dir='ltr'><strong>ma-</strong></span> 
     </span>
     <span class='ocr_line' id='line_1_28' title="bbox 131 2035 1518 2085; baseline 0.004 -16"><span class='ocrx_word' id='word_1_266' title='bbox 131 2035 295 2081; x_wconf 72' lang='lat' dir='ltr'><strong>gistratui</strong></span> <span class='ocrx_word' id='word_1_267' title='bbox 317 2036 398 2081; x_wconf 76' lang='lat' dir='ltr'><strong>lege</strong></span> <span class='ocrx_word' id='word_1_268' title='bbox 431 2038 570 2071; x_wconf 76' lang='lat' dir='ltr'><strong>curiata</strong></span> <span class='ocrx_word' id='word_1_269' title='bbox 600 2037 812 2080; x_wconf 83' lang='lat' dir='ltr'><strong>addebatur,</strong></span> <span class='ocrx_word' id='word_1_270' title='bbox 842 2051 947 2083; x_wconf 87' lang='lat' dir='ltr'><strong>quam</strong></span> <span class='ocrx_word' id='word_1_271' title='bbox 970 2041 1085 2085; x_wconf 86' lang='lat' dir='ltr'><strong>legem</strong></span> <span class='ocrx_word' id='word_1_272' title='bbox 1109 2040 1170 2083; x_wconf 88' lang='lat' dir='ltr'><strong>qui</strong></span> <span class='ocrx_word' id='word_1_273' title='bbox 1194 2052 1263 2074; x_wconf 91' lang='lat' dir='ltr'><strong>uon</strong></span> <span class='ocrx_word' id='word_1_274' title='bbox 1282 2041 1449 2083; x_wconf 83' lang='lat' dir='ltr'><strong>haberet,</strong></span> <span class='ocrx_word' id='word_1_275' title='bbox 1484 2042 1518 2077; x_wconf 87' lang='lat' dir='ltr'><strong>ei</strong></span> 
     </span>
     <span class='ocr_line' id='line_1_29' title="bbox 131 2095 1517 2146; baseline 0.005 -17"><span class='ocrx_word' id='word_1_276' title='bbox 131 2106 201 2130; x_wconf 84' lang='lat' dir='ltr'><strong>non</strong></span> <span class='ocrx_word' id='word_1_277' title='bbox 217 2095 347 2131; x_wconf 82' lang='lat' dir='ltr'><strong>licebat</strong></span> <span class='ocrx_word' id='word_1_278' title='bbox 362 2107 437 2130; x_wconf 86' lang='lat' dir='ltr'><strong>rem</strong></span> <span class='ocrx_word' id='word_1_279' title='bbox 454 2097 644 2131; x_wconf 84' lang='lat' dir='ltr'><strong>militarem</strong></span> <span class='ocrx_word' id='word_1_280' title='bbox 661 2098 854 2143; x_wconf 81' lang='lat' dir='ltr'><strong>attingere3</strong></span> <span class='ocrx_word' id='word_1_281' title='bbox 886 2111 921 2134; x_wconf 79' lang='lat' dir='ltr'><strong>v.</strong></span> <span class='ocrx_word' id='word_1_282' title='bbox 938 2100 1012 2135; x_wconf 85' lang='lat' dir='ltr'><strong>Cic.</strong></span> <span class='ocrx_word' id='word_1_283' title='bbox 1031 2101 1074 2135; x_wconf 90' lang='lat' dir='ltr'><strong>de</strong></span> <span class='ocrx_word' id='word_1_284' title='bbox 1092 2101 1172 2146; x_wconf 86' lang='lat' dir='ltr'><strong>lege</strong></span> <span class='ocrx_word' id='word_1_285' title='bbox 1188 2111 1306 2146; x_wconf 75' lang='lat' dir='ltr'><strong>agrar-</strong></span> <span class='ocrx_word' id='word_1_286' title='bbox 1327 2101 1372 2144; x_wconf 88' lang='grc' dir='ltr'><strong>Π,</strong></span> <span class='ocrx_word' id='word_1_287' title='bbox 1391 2101 1517 2142; x_wconf 77' lang='grc'><strong>12,30.</strong></span> 
     </span>
     <span class='ocr_line' id='line_1_30' title="bbox 131 2156 1520 2207; baseline 0.004 -18"><span class='ocrx_word' id='word_1_288' title='bbox 131 2156 213 2190; x_wconf 80' lang='lat' dir='ltr'><strong>Hoc</strong></span> <span class='ocrx_word' id='word_1_289' title='bbox 228 2156 337 2201; x_wconf 81' lang='lat' dir='ltr'><strong>igitur</strong></span> <span class='ocrx_word' id='word_1_290' title='bbox 354 2157 506 2191; x_wconf 79' lang='lat' dir='ltr'><strong>militare</strong></span> <span class='ocrx_word' id='word_1_291' title='bbox 525 2157 712 2201; x_wconf 85' lang='lat' dir='ltr'><strong>imperium</strong></span> <span class='ocrx_word' id='word_1_292' title='bbox 731 2170 839 2202; x_wconf 86' lang='lat' dir='ltr'><strong>quum</strong></span> <span class='ocrx_word' id='word_1_293' title='bbox 860 2165 950 2195; x_wconf 70' lang='lat' dir='ltr'><strong>esset</strong></span> <span class='ocrx_word' id='word_1_294' title='bbox 970 2161 1123 2196; x_wconf 79' lang='lat' dir='ltr'><strong>accessio</strong></span> <span class='ocrx_word' id='word_1_295' title='bbox 1143 2165 1178 2195; x_wconf 81' lang='lat' dir='ltr'><strong>et</strong></span> <span class='ocrx_word' id='word_1_296' title='bbox 1193 2160 1324 2195; x_wconf 85' lang='lat' dir='ltr'><strong>additio</strong></span> <span class='ocrx_word' id='word_1_297' title='bbox 1341 2162 1387 2196; x_wconf 87' lang='lat' dir='ltr'><strong>ad</strong></span> <span class='ocrx_word' id='word_1_298' title='bbox 1402 2162 1520 2207; x_wconf 85' lang='lat' dir='ltr'><strong>magi-</strong></span> 
     </span>
     <span class='ocr_line' id='line_1_31' title="bbox 131 2217 1520 2266; baseline 0.006 -17"><span class='ocrx_word' id='word_1_299' title='bbox 131 2219 301 2257; x_wconf 72' lang='lat' dir='ltr'><strong>stratum,</strong></span> <span class='ocrx_word' id='word_1_300' title='bbox 324 2217 387 2259; x_wconf 81' lang='lat' dir='ltr'><strong>qui</strong></span> <span class='ocrx_word' id='word_1_301' title='bbox 412 2217 449 2251; x_wconf 90' lang='lat' dir='ltr'><strong>id</strong></span> <span class='ocrx_word' id='word_1_302' title='bbox 472 2218 612 2252; x_wconf 85' lang='lat' dir='ltr'><strong>tenebat</strong></span> <span class='ocrx_word' id='word_1_303' title='bbox 637 2219 819 2255; x_wconf 87' lang='lat' dir='ltr'><strong>dicebatur</strong></span> <span class='ocrx_word' id='word_1_304' title='bbox 841 2232 938 2255; x_wconf 79' lang='lat' dir='ltr'><strong>cum</strong></span> <span class='ocrx_word' id='word_1_305' title='bbox 964 2223 1109 2266; x_wconf 74' lang='lat' dir='ltr'><strong>imperio</strong></span> <span class='ocrx_word' id='word_1_306' title='bbox 1136 2233 1231 2262; x_wconf 81' lang='lat' dir='ltr'><strong>essc‚·</strong></span> <span class='ocrx_word' id='word_1_307' title='bbox 1252 2221 1341 2256; x_wconf 89' lang='lat' dir='ltr'><strong>illud</strong></span> <span class='ocrx_word' id='word_1_308' title='bbox 1366 2223 1520 2258; x_wconf 84' lang='lat' dir='ltr'><strong>alterum</strong></span> 
     </span>
     <span class='ocr_line' id='line_1_32' title="bbox 132 2275 1519 2326; baseline 0.006 -17"><span class='ocrx_word' id='word_1_309' title='bbox 132 2275 194 2320; x_wconf 77' lang='lat' dir='ltr'><strong>qui</strong></span> <span class='ocrx_word' id='word_1_310' title='bbox 211 2276 387 2318; x_wconf 79' lang='lat' dir='ltr'><strong>babebat,</strong></span> <span class='ocrx_word' id='word_1_311' title='bbox 420 2277 504 2321; x_wconf 82' lang='lat' dir='ltr'><strong>quia</strong></span> <span class='ocrx_word' id='word_1_312' title='bbox 529 2290 611 2312; x_wconf 89' lang='lat' dir='ltr'><strong>cum</strong></span> <span class='ocrx_word' id='word_1_313' title='bbox 627 2279 703 2323; x_wconf 79' lang='lat' dir='ltr'><strong>ipso</strong></span> <span class='ocrx_word' id='word_1_314' title='bbox 720 2291 864 2325; x_wconf 82' lang='lat' dir='ltr'><strong>munere</strong></span> <span class='ocrx_word' id='word_1_315' title='bbox 888 2286 965 2316; x_wconf 86' lang='lat' dir='ltr'><strong>erat</strong></span> <span class='ocrx_word' id='word_1_316' title='bbox 989 2282 1234 2326; x_wconf 81' lang='lat' dir='ltr'><strong>coniunctum,</strong></span> <span class='ocrx_word' id='word_1_317' title='bbox 1265 2282 1445 2318; x_wconf 85' lang='lat' dir='ltr'><strong>dicebatur</strong></span> <span class='ocrx_word' id='word_1_318' title='bbox 1471 2285 1519 2318; x_wconf 80' lang='lat' dir='ltr'><strong>in</strong></span> 
     </span>
     <span class='ocr_line' id='line_1_33' title="bbox 132 2337 1519 2381; baseline 0.006 -11"><span class='ocrx_word' id='word_1_319' title='bbox 132 2337 277 2381; x_wconf 72' lang='lat' dir='ltr'><strong>inperio</strong></span> <span class='ocrx_word' id='word_1_320' title='bbox 301 2348 395 2378; x_wconf 75' lang='lat' dir='ltr'><strong>csse,</strong></span> <span class='ocrx_word' id='word_1_321' title='bbox 418 2348 628 2381; x_wconf 84' lang='lat' dir='ltr'><strong>quamquam</strong></span> <span class='ocrx_word' id='word_1_322' title='bbox 654 2339 744 2373; x_wconf 88' lang='lat' dir='ltr'><strong>haec</strong></span> <span class='ocrx_word' id='word_1_323' title='bbox 760 2339 938 2375; x_wconf 83' lang='lat' dir='ltr'><strong>interdum</strong></span> <span class='ocrx_word' id='word_1_324' title='bbox 955 2353 1024 2376; x_wconf 92' lang='lat' dir='ltr'><strong>non</strong></span> <span class='ocrx_word' id='word_1_325' title='bbox 1040 2347 1204 2377; x_wconf 84' lang='lat' dir='ltr'><strong>accurate</strong></span> <span class='ocrx_word' id='word_1_326' title='bbox 1225 2343 1408 2378; x_wconf 80' lang='lat' dir='ltr'><strong>observata</strong></span> <span class='ocrx_word' id='word_1_327' title='bbox 1428 2348 1519 2380; x_wconf 78' lang='lat' dir='ltr'><strong>sunt.</strong></span> 
     </span>
     <span class='ocr_line' id='line_1_34' title="bbox 129 2395 1522 2449; baseline 0.006 -19"><span class='ocrx_word' id='word_1_328' title='bbox 129 2395 234 2431; x_wconf 65' lang='lat' dir='ltr'><strong>*Patet</strong></span> <span class='ocrx_word' id='word_1_329' title='bbox 261 2396 391 2442; x_wconf 86' lang='lat' dir='ltr'><strong>igitur,</strong></span> <span class='ocrx_word' id='word_1_330' title='bbox 424 2397 485 2431; x_wconf 89' lang='lat' dir='ltr'><strong>ubi</strong></span> <span class='ocrx_word' id='word_1_331' title='bbox 511 2397 715 2442; x_wconf 75' lang='lat' dir='ltr'><strong>simpliciter</strong></span> <span class='ocrx_word' id='word_1_332' title='bbox 740 2402 875 2446; x_wconf 73' lang='lat' dir='ltr'><strong>imperii</strong></span> <span class='ocrx_word' id='word_1_333' title='bbox 905 2402 1036 2436; x_wconf 85' lang='lat' dir='ltr'><strong>mentio</strong></span> <span class='ocrx_word' id='word_1_334' title='bbox 1068 2403 1151 2443; x_wconf 84' lang='lat' dir='ltr'><strong>fiat,</strong></span> <span class='ocrx_word' id='word_1_335' title='bbox 1189 2414 1258 2437; x_wconf 89' lang='lat' dir='ltr'><strong>non</strong></span> <span class='ocrx_word' id='word_1_336' title='bbox 1274 2414 1374 2448; x_wconf 74' lang='lat' dir='ltr'><strong>posse</strong></span> <span class='ocrx_word' id='word_1_337' title='bbox 1391 2405 1522 2449; x_wconf 83' lang='lat' dir='ltr'><strong>ubique</strong></span> 
     </span>
     <span class='ocr_line' id='line_1_35' title="bbox 134 2457 1522 2511; baseline 0.007 -21"><span class='ocrx_word' id='word_1_338' title='bbox 134 2457 298 2501; x_wconf 78' lang='lat' dir='ltr'><strong>cognosci</strong></span> <span class='ocrx_word' id='word_1_339' title='bbox 326 2462 440 2492; x_wconf 84' lang='lat' dir='ltr'><strong>utrum</strong></span> <span class='ocrx_word' id='word_1_340' title='bbox 465 2470 577 2504; x_wconf 75' lang='lat' dir='ltr'><strong>genua</strong></span> <span class='ocrx_word' id='word_1_341' title='bbox 603 2460 844 2506; x_wconf 75' lang='lat' dir='ltr'><strong>intelligatur-5</strong></span> <span class='ocrx_word' id='word_1_342' title='bbox 875 2463 937 2497; x_wconf 89' lang='lat' dir='ltr'><strong>ubi</strong></span> <span class='ocrx_word' id='word_1_343' title='bbox 956 2473 1040 2496; x_wconf 82' lang='lat' dir='ltr'><strong>vero</strong></span> <span class='ocrx_word' id='word_1_344' title='bbox 1060 2463 1208 2507; x_wconf 78' lang='lat' dir='ltr'><strong>imperia</strong></span> <span class='ocrx_word' id='word_1_345' title='bbox 1228 2475 1271 2498; x_wconf 84' lang='lat' dir='ltr'><strong>ac</strong></span> <span class='ocrx_word' id='word_1_346' title='bbox 1289 2466 1522 2511; x_wconf 73' lang='lat' dir='ltr'><strong>magistratus</strong></span> 
     </span>
     <span class='ocr_line' id='line_1_36' title="bbox 133 2515 1519 2569; baseline 0.009 -19"><span class='ocrx_word' id='word_1_347' title='bbox 133 2515 239 2551; x_wconf 67' lang='lat' dir='ltr'><strong>simul</strong></span> <span class='ocrx_word' id='word_1_348' title='bbox 265 2523 519 2562; x_wconf 85' lang='lat' dir='ltr'><strong>memorentur,</strong></span> <span class='ocrx_word' id='word_1_349' title='bbox 542 2523 582 2554; x_wconf 92' lang='lat' dir='ltr'><strong>ut</strong></span> <span class='ocrx_word' id='word_1_350' title='bbox 606 2521 696 2564; x_wconf 84' lang='lat' dir='ltr'><strong>apud</strong></span> <span class='ocrx_word' id='word_1_351' title='bbox 722 2522 793 2556; x_wconf 86' lang='lat' dir='ltr'><strong>Cic.</strong></span> <span class='ocrx_word' id='word_1_352' title='bbox 819 2523 862 2556; x_wconf 87' lang='lat' dir='ltr'><strong>de</strong></span> <span class='ocrx_word' id='word_1_353' title='bbox 886 2523 957 2558; x_wconf 81' lang='lat' dir='ltr'><strong>Off.</strong></span> <span class='ocrx_word' id='word_1_354' title='bbox 977 2523 1007 2562; x_wconf 92' lang='lat'><strong>1,</strong></span> <span class='ocrx_word' id='word_1_355' title='bbox 1036 2522 1092 2566; x_wconf 81' lang='lat'><strong>21,</strong></span> <span class='ocrx_word' id='word_1_356' title='bbox 1110 2523 1168 2557; x_wconf 76' lang='lat'><strong>71.</strong></span> <span class='ocrx_word' id='word_1_357' title='bbox 1205 2524 1303 2562; x_wconf 81' lang='lat' dir='ltr'><strong>Lacl.</strong></span> <span class='ocrx_word' id='word_1_358' title='bbox 1321 2538 1351 2562; x_wconf 90' lang='lat' dir='ltr'><strong>c.</strong></span> <span class='ocrx_word' id='word_1_359' title='bbox 1372 2526 1429 2567; x_wconf 81' lang='lat'><strong>17,</strong></span> <span class='ocrx_word' id='word_1_360' title='bbox 1449 2527 1519 2569; x_wconf 68' lang='lat'><strong>63„</strong></span> 
     </span>
     <span class='ocr_line' id='line_1_37' title="bbox 134 2578 1520 2623; baseline 0.009 -13"><span class='ocrx_word' id='word_1_361' title='bbox 134 2586 273 2622; x_wconf 69' lang='lat' dir='ltr'><strong>temper</strong></span> <span class='ocrx_word' id='word_1_362' title='bbox 297 2578 434 2623; x_wconf 71' lang='lat' dir='ltr'><strong>imperia·</strong></span> <span class='ocrx_word' id='word_1_363' title='bbox 456 2581 631 2615; x_wconf 79' lang='lat' dir='ltr'><strong>vocabulo</strong></span> <span class='ocrx_word' id='word_1_364' title='bbox 655 2593 774 2617; x_wconf 85' lang='lat' dir='ltr'><strong>rerum</strong></span> <span class='ocrx_word' id='word_1_365' title='bbox 802 2584 964 2618; x_wconf 87' lang='lat' dir='ltr'><strong>civilium</strong></span> <span class='ocrx_word' id='word_1_366' title='bbox 992 2593 1035 2617; x_wconf 89' lang='lat' dir='ltr'><strong>ac</strong></span> <span class='ocrx_word' id='word_1_367' title='bbox 1062 2583 1270 2619; x_wconf 85' lang='lat' dir='ltr'><strong>militarium</strong></span> <span class='ocrx_word' id='word_1_368' title='bbox 1299 2586 1520 2622; x_wconf 82' lang='lat' dir='ltr'><strong>coniunctam</strong></span> 
     </span>
     <span class='ocr_line' id='line_1_38' title="bbox 136 2639 1520 2692; baseline 0.009 -22"><span class='ocrx_word' id='word_1_369' title='bbox 136 2640 337 2679; x_wconf 60' lang='lat' dir='ltr'><strong>potantem</strong></span> <span class='ocrx_word' id='word_1_370' title='bbox 369 2639 573 2684; x_wconf 78' lang='lat' dir='ltr'><strong>significari.</strong></span> <span class='ocrx_word' id='word_1_371' title='bbox 620 2642 665 2676; x_wconf 78' lang='lat' dir='ltr'><strong>cf.</strong></span> <span class='ocrx_word' id='word_1_372' title='bbox 696 2643 740 2676; x_wconf 89' lang='lat' dir='ltr'><strong>de</strong></span> <span class='ocrx_word' id='word_1_373' title='bbox 770 2647 844 2678; x_wconf 86' lang='lat' dir='ltr'><strong>tota</strong></span> <span class='ocrx_word' id='word_1_374' title='bbox 870 2655 909 2677; x_wconf 88' lang='lat' dir='ltr'><strong>re</strong></span> <span class='ocrx_word' id='word_1_375' title='bbox 935 2644 1089 2678; x_wconf 77' lang='lat' dir='ltr'><strong>Ernestii</strong></span> <span class='ocrx_word' id='word_1_376' title='bbox 1119 2645 1217 2680; x_wconf 82' lang='lat' dir='ltr'><strong>Clav.</strong></span> <span class='ocrx_word' id='word_1_377' title='bbox 1237 2645 1310 2680; x_wconf 89' lang='lat' dir='ltr'><strong>Cic.</strong></span> <span class='ocrx_word' id='word_1_378' title='bbox 1330 2658 1367 2680; x_wconf 73' lang='lat' dir='ltr'><strong>V.</strong></span> <span class='ocrx_word' id='word_1_379' title='bbox 1384 2647 1520 2692; x_wconf 60' lang='lat' dir='ltr'><strong>imper„</strong></span> 
     </span>
     <span class='ocr_line' id='line_1_39' title="bbox 138 2692 1518 2751; baseline 0.007 -19"><span class='ocrx_word' id='word_1_380' title='bbox 138 2692 237 2733; x_wconf 66' lang='lat' dir='ltr'><strong>Ford-</strong></span> <span class='ocrx_word' id='word_1_381' title='bbox 259 2697 463 2734; x_wconf 78' lang='lat' dir='ltr'><strong>Schulzium</strong></span> <span class='ocrx_word' id='word_1_382' title='bbox 481 2700 526 2735; x_wconf 89' lang='lat' dir='ltr'><strong>de</strong></span> <span class='ocrx_word' id='word_1_383' title='bbox 542 2701 702 2736; x_wconf 74' lang='lat' dir='ltr'><strong>Comitiie</strong></span> <span class='ocrx_word' id='word_1_384' title='bbox 721 2702 825 2736; x_wconf 87' lang='lat' dir='ltr'><strong>Rom.</strong></span> <span class='ocrx_word' id='word_1_385' title='bbox 845 2714 878 2747; x_wconf 82' lang='lat' dir='ltr'><strong>p.</strong></span> <span class='ocrx_word' id='word_1_386' title='bbox 897 2702 978 2739; x_wconf 77' lang='lat'><strong>287.</strong></span> <span class='ocrx_word' id='word_1_387' title='bbox 990 2729 1000 2746; x_wconf 93' lang='lat'><strong>,</strong></span> <span class='ocrx_word' id='word_1_388' title='bbox 1030 2704 1197 2739; x_wconf 86' lang='lat' dir='ltr'><strong>Heinecci</strong></span> <span class='ocrx_word' id='word_1_389' title='bbox 1215 2706 1355 2751; x_wconf 85' lang='lat' dir='ltr'><strong>Autiqq.</strong></span> <span class='ocrx_word' id='word_1_390' title='bbox 1373 2709 1518 2742; x_wconf 86' lang='lat' dir='ltr'><strong>Romm.</strong></span> 
     </span>
     <span class='ocr_line' id='line_1_40' title="bbox 140 2752 1520 2818; baseline 0.008 -26"><span class='ocrx_word' id='word_1_391' title='bbox 140 2752 200 2797; x_wconf 71' lang='lat' dir='ltr'><strong>IV,</strong></span> <span class='ocrx_word' id='word_1_392' title='bbox 215 2755 252 2803; x_wconf 66' lang='lat'><strong>⁸,</strong></span> <span class='ocrx_word' id='word_1_393' title='bbox 267 2757 302 2793; x_wconf 81' lang='lat'><strong>5.</strong></span> <span class='ocrx_word' id='word_1_394' title='bbox 317 2771 355 2805; x_wconf 78' lang='lat' dir='ltr'><strong>p.</strong></span> <span class='ocrx_word' id='word_1_395' title='bbox 373 2759 455 2795; x_wconf 80' lang='lat'><strong>660.</strong></span> <span class='ocrx_word' id='word_1_396' title='bbox 475 2760 528 2796; x_wconf 87' lang='lat' dir='ltr'><strong>ed.</strong></span> <span class='ocrx_word' id='word_1_397' title='bbox 550 2762 743 2807; x_wconf 87' lang='lat' dir='ltr'><strong>Haubold.,</strong></span> <span class='ocrx_word' id='word_1_398' title='bbox 769 2763 892 2809; x_wconf 88' lang='lat' dir='ltr'><strong>Sigon.</strong></span> <span class='ocrx_word' id='word_1_399' title='bbox 909 2764 955 2799; x_wconf 91' lang='lat' dir='ltr'><strong>ad</strong></span> <span class='ocrx_word' id='word_1_400' title='bbox 972 2764 1049 2802; x_wconf 81' lang='lat' dir='ltr'><strong>Liv.</strong></span> <span class='ocrx_word' id='word_1_401' title='bbox 1067 2765 1225 2818; x_wconf 62' lang='lat' dir='ltr'>XXVIII,</span> <span class='ocrx_word' id='word_1_402' title='bbox 1247 2766 1307 2810; x_wconf 83' lang='lat'><strong>38,</strong></span> <span class='ocrx_word' id='word_1_403' title='bbox 1323 2767 1358 2801; x_wconf 74' lang='lat'><strong>4.</strong></span> <span class='ocrx_word' id='word_1_404' title='bbox 1381 2787 1427 2793; x_wconf 92' lang='lat'>—</span> <span class='ocrx_word' id='word_1_405' title='bbox 1452 2768 1520 2803; x_wconf 87' lang='lat' dir='ltr'><strong>Po-</strong></span> 
     </span>
    </p>
   </div>
  </div>
 </body>
</html>
