1716 2996
291 115 351 157 64
766 82 770 86 ’
905 111 1080 159 INDEX

290 223 625 270 Plusquamperfeeti
650 223 857 260 indicativus
880 235 926 260 ox
958 226 1052 271 quod
1074 226 1228 271 pendens
1256 225 1295 262 in
1321 227 1581 268 coniunetivmu
1598 244 1680 278 per-

383 283 467 317 fecti
492 282 715 326 depravatus,
743 283 785 318 C.
814 282 873 324 18,
897 283 934 318 3.
978 283 1008 317 Ι
1038 282 1096 326 39,
1120 285 1155 320 1.

293 336 629 385 plusquamperfecti
656 340 895 376 coniunctivae
928 340 1003 376 vim
1036 341 1147 377 habet
1182 341 1395 378 coniunctivi
1415 345 1526 380 futuri
1551 347 1683 393 exacti,

386 397 414 432 Ι
442 396 561 440 64‚2.
609 398 692 442 112,
724 397 759 432 3.

292 456 630 501 plusquamperfecti
651 456 840 502 singularis
864 456 1008 501 quidam
1032 467 1128 500 usus,
1151 457 1190 492 G.
1214 456 1273 500 33,
1298 457 1332 493 6.

294 513 501 548 Plutarchus
526 524 570 547 ex
601 513 771 549 Sallustio
793 515 967 559 quaedam
989 513 1172 559 expressit,
1195 515 1224 550 Ι.
1251 514 1310 558 85,
1333 514 1391 551 16.
1435 514 1495 560 85,
1517 516 1580 553 33.-

293 571 431 606 Poenae
452 581 523 604 esse
548 581 614 615 pro
635 572 768 617 puniri,
798 571 951 606 insolens
979 572 1098 616 dictio,
1120 584 1190 616 quo
1213 578 1407 618 excusetur,
1430 574 1461 610 1.
1487 575 1546 620 69,
1572 574 1610 611 3-

292 629 428 663 Poenas
449 633 567 672 petere
589 629 625 663 in
649 630 799 675 aliquem
824 629 895 664 dici
927 641 997 664 non
1025 634 1149 674 potest,
1173 630 1201 665 1.
1229 630 1289 676 65,
1309 631 1345 671 8.

294 687 476 722 Paenitere
499 686 654 732 aliquam
675 699 760 729 rem,
790 687 820 722 Ι.
841 686 899 729 85,
927 687 986 724 28.
1303 683 1311 686 ’

290 746 456 781 Poeniteo
478 755 542 788 pro
561 745 721 790 poenitet
741 756 807 788 me,
830 757 899 780 non
928 746 1072 790 falsum,
1100 744 1131 781 I.
1157 745 1240 788 104,
1268 744 1306 783 5.

290 803 456 839 Poenus·
445 815 471 839 ι.
496 814 530 848 q.
557 802 627 836 dux
652 803 804 848 Poenus,
836 804 864 838 I.
897 803 955 847 81,
978 803 1014 839 3.

290 863 429 900 Pollens
450 865 640 906 potensque
670 872 776 896 voces
801 871 906 906 saepe
933 861 1139 898 coniunctae
1167 863 1344 908 quomodo
1373 875 1476 899 sensu
1505 863 1680 907 differant,

384 919 414 954 I.
440 918 474 962 1,
504 917 538 951 3.

291 977 454 1014 Pollicem·
480 975 564 1019 quid
591 975 732 1012 differat
758 988 781 1013 a
805 978 1022 1024 promittere,
1051 976 1082 1012 Ι.
1102 976 1162 1019 47,
1184 977 1220 1013 Ψ.
1266 978 1347 1022 113,
1376 978 1413 1015 1.

290 1035 454 1073 Pollicem·
481 1034 565 1078 quid
593 1033 737 1070 differat
766 1046 789 1071 a
808 1036 1023 1082 pollicitari,
1053 1036 1092 1070 C.
1129 1035 1200 1080 38,
1238 1037 1274 1072 1.
1320 1037 1352 1071 Ι.
1381 1036 1427 1082 8,
1463 1036 1498 1071 1.
1545 1036 1612 1080 16,
1642 1035 1679 1072 3.

381 1092 449 1134 23,
477 1092 513 1128 2.

291 1154 449 1189 Pollutas
476 1148 575 1185 vocis
600 1148 742 1194 propria
765 1148 832 1193 vis,
852 1149 883 1189 Ι.
910 1148 967 1195 15,
990 1149 1028 1187 5.

292 1210 498 1256 Pomptinus
525 1206 614 1251 (0.),
643 1207 684 1243 C.
709 1205 767 1249 45,
793 1207 827 1242 1.

292 1271 425 1305 Ponere
452 1266 495 1300 de
518 1264 685 1310 praemiis
710 1264 854 1306 dictum,
878 1266 918 1300 C.
945 1266 1005 1308 20,
1033 1266 1092 1300 14.

289 1329 423 1364 Ponere
444 1322 577 1367 aliquid
600 1323 637 1356 in
659 1323 802 1357 tertiam
821 1329 961 1369 partem
981 1327 1016 1357 et
1042 1323 1078 1356 ἰη
1102 1327 1209 1368 parte
1229 1324 1357 1367 tertia,
1383 1324 1411 1359 Ι.
1428 1324 1487 1367 17,
1503 1323 1539 1360 3.

289 1386 422 1421 Ponere
450 1382 600 1426 aliquem
626 1380 882 1425 imperatorem,
910 1381 936 1414 Ι.
953 1380 1012 1424 24,
1032 1381 1069 1416 7.

289 1443 423 1479 Ponere
443 1450 515 1473 rem
541 1439 566 1476 i.
588 1449 622 1482 q.
636 1439 775 1489 finire,-
795 1438 823 1472 Ι.
843 1439 924 1482 112,
942 1439 975 1474 2.

291 1499 524 1543 sztafleatus
546 1494 752 1540 simpliciter
773 1496 905 1531 dictum
931 1509 996 1543 pro
1021 1497 1227 1543 pontificatu
1249 1496 1420 1540 maximo,
1443 1497 1483 1533 G.
1499 1496 1558 1542 49,
1573 1497 1609 1533 2.

291 1557 478 1604 Popularis
503 1554 528 1589 ἰ.
553 1566 587 1599 q.
611 1552 736 1597 socius,
764 1554 803 1588 C.
827 1555 886 1596 22,
904 1556 936 1590 1.
1067 1548 1071 1552 ’

292 1617 442 1663 Populus
472 1612 623 1648 arctiore
647 1622 749 1646 sensu
775 1611 799 1645 i.
827 1624 860 1656 q.
886 1614 991 1658 plebs,
1018 1614 1058 1648 C.
1083 1612 1141 1654 85,
1171 1613 1230 1648 10.

293 1674 446 1720 Populus
470 1669 648 1714 quomodo
679 1668 820 1704 differat
845 1682 866 1704 a
891 1679 998 1716 gente
1030 1676 1063 1707 et
1089 1672 1246 1713 natione,
1270 1670 1309 1707 C.
1338 1669 1394 1713 10,
1422 1671 1456 1706 1.
1504 1672 1529 1706 1.
1561 1671 1620 1715 81,
1642 1673 1678 1709 3.

292 1733 445 1778 Populus
470 1729 571 1763 Rom.
595 1727 632 1762 in
662 1727 763 1763 codd.
790 1729 956 1764 confusus
988 1741 1068 1764 cum
1091 1731 1190 1775 plebe
1210 1730 1309 1763 Rom.
1334 1728 1373 1763 C.
1393 1728 1452 1770 31,
1468 1729 1504 1765 ⁷.
1552 1748 1557 1751 1

290 1791 441 1836 Populus
467 1785 596 1820 dicitur
615 1795 680 1828 pro
707 1789 805 1820 terra
831 1790 893 1820 aut
923 1799 1013 1833 agro
1045 1788 1180 1832 populi,
1204 1787 1232 1821 l.
1255 1786 1313 1829 88,
1338 1786 1374 1820 8.

290 1847 416 1894 Populi
446 1843 588 1879 nomine
611 1843 680 1876 dux
713 1846 774 1878 aut
796 1855 859 1879 rex
885 1845 1005 1890 popuii
1030 1845 1262 1891 significatur,
1285 1845 1312 1882 1.
1337 1844 1397 1887 81,
1418 1843 1455 1880 3.

289 1907 418 1943 Porcia
441 1905 506 1946 lex,
531 1901 571 1937 C.
601 1900 660 1943 51,
684 1899 743 1934 22.

289 1966 399 2000 Porro
425 1960 604 1996 continuat
626 1960 820 1994 orationem
851 1960 897 1995 ad
925 1960 1114 2004 contraria,
1143 1960 1171 1995 Ι.
1188 1958 1248 2002 25,
1267 1959 1308 1996 Ἰ.

287 2023 401 2058 Porta
430 2018 615 2053 collectim
635 2029 738 2052 sensu
759 2029 824 2062 pro
845 2020 960 2064 portis
985 2019 1128 2062 dictum,
1158 2018 1186 2056 Ι.
1207 2018 1289 2060 100,
1308 2019 1343 2056 4.

288 2081 420 2115 Portae
447 2082 639 2111 castrorum
669 2087 750 2110 cum
781 2087 866 2111 cura
888 2076 1169 2118 instituebantur,
1191 2076 1220 2111 Ι.
1240 2075 1299 2120 99,
1320 2077 1354 2111 1.

290 2138 440 2172 Portare
464 2135 640 2179 quomodo
666 2134 807 2169 differat
835 2145 857 2168 a
871 2137 983 2178 serre,
1015 2135 1054 2168 C.
1083 2135 1118 2177 6,
1140 2132 1174 2169 5.
1221 2135 1250 2169 Ι.
1274 2134 1334 2178 36,
1357 2134 1391 2169 l.

289 2194 502 2230 Portendere
526 2197 560 2227 et
580 2197 780 2238 portentum
806 2192 901 2236 quid,
929 2193 955 2226 I.
981 2190 1015 2235 3,
1036 2192 1071 2227 2.
1118 2192 1177 2236 63,
1201 2192 1236 2227 1..

290 2252 474 2288 Ροεείἀέτε
502 2250 528 2284 ἰ.
555 2262 589 2294 q.
612 2260 798 2294 occupare,
825 2249 854 2285 Ι.
881 2251 914 2293 6,
940 2249 974 2285 5.

289 2311 431 2346 Possum
459 2313 557 2343 extra
581 2307 819 2342 condicionem
846 2309 1011 2353 positum,
1038 2307 1101 2342 ubi
1124 2307 1325 2354 germanico
1350 2305 1509 2341 condicio
1529 2306 1675 2350 obtinet,

383 2367 422 2401 G.
450 2366 507 2408 51,
530 2366 562 2400 4.
611 2365 641 2400 Ι.
664 2363 721 2408 95,
744 2366 779 2404 3.

288 2425 393 2462 Pom
422 2436 504 2458 cum
531 2437 634 2471 quam
667 2424 843 2471 particula
876 2424 1102 2460 coniunctum
1135 2422 1211 2459 vim
1244 2421 1450 2468 superlativi
1477 2424 1584 2467 anget
1596 2445 1608 2464 ,
1642 2420 1673 2456 Ι.

288 2540 373 2575 Post
399 2543 435 2574 et
458 2549 524 2586 per
550 2539 708 2584 confusa,
735 2540 774 2575 C.
802 2538 859 2582 38,
884 2538 919 2574 3.

287 2598 372 2633 Post
399 2608 480 2631 eum
507 2596 647 2630 nomine
670 2597 893 2632 coniunctum
918 2597 992 2632 vim
1019 2597 1128 2634 habet
1158 2596 1316 2643 integrae
1338 2592 1616 2635 mundationis,
1642 2591 1673 2627 Ι.

290 2710 376 2747 Post
399 2722 471 2747 esse
493 2711 727 2755 scribendum,
752 2723 823 2747 non
843 2717 1006 2758 postesse,
1036 2711 1075 2745 C.
1102 2711 1160 2754 23,
1185 2713 1219 2748 6.
