1702 2982
218 186 272 226 18
504 220 511 223 s
592 184 636 227 C.
667 183 997 227 SALLUSTI
1028 183 1254 226 CRISPI

218 317 366 360 neque
401 301 524 345 aliud
560 317 608 346 se
643 302 880 362 fatigando
915 302 1000 346 nisi
1036 301 1191 346 odium
1220 316 1440 360 quaerere
1468 307 1618 346 extre-

167 402 322 445 -4mae
366 400 618 444 dementiae
667 406 757 453 est3
809 400 891 444 nisi
943 400 1060 443 forte
1113 415 1250 459 quem
1295 399 1534 444 inhonesta
1574 406 1619 444 et

214 498 471 559 perniciosa
516 497 675 541 lubido
725 503 848 541 tenet
894 498 1129 558 potentiae
1179 512 1431 558 paucorum
1477 496 1616 542 decus

215 603 351 655 atque
386 596 639 640 libertatem
676 609 800 639 suam
836 595 1091 655 gratificari.
1618 602 1627 623 ὲ

353 693 430 737 1v.
504 693 719 738 Ceterum
766 707 821 736 ex
865 692 958 736 aliis
1007 692 1223 752 negotiis,
1275 707 1390 751 quae
1434 691 1616 752 ingenio

215 851 284 874 non
307 839 493 873 nitetur
515 839 656 883 sapiens
679 839 724 871 in
747 848 1108 882 supervacuum,
1143 849 1205 872 nec
1235 849 1271 872 se
1303 839 1393 872 nihil
1413 840 1617 883 profuturus

217 902 410 946 impendet,
446 901 475 933 si
494 911 623 945 parurn
647 899 788 933 habebit
811 899 1032 934 auctoritatis
1057 905 1092 935 et
1114 901 1252 934 virium.
1276 895 1327 926 ‘—
1356 902 1403 934 Se
1420 898 1618 944 fatigando

216 974 337 998 omnes
367 966 484 996 tenent
514 961 614 994 codd.
640 965 778 1004 praeter
802 961 904 994 Rem.
931 961 964 994 l.
992 961 1071 998 Ecc.
1096 965 1132 995 et
1157 961 1295 1004 Struv.‚
1331 961 1392 1006 qui
1426 971 1618 1005 pronomen

215 1036 285 1058 non
308 1024 460 1064 habent,
496 1033 624 1065 eosque
653 1021 863 1055 confirmare
887 1021 1027 1056 videtur
1050 1022 1260 1068 Ilieronym.
1284 1022 1320 1056 in
1342 1022 1460 1056 Praef-
1485 1021 1530 1056 ad
1552 1021 1619 1055 Es-

215 1085 317 1119 dram
353 1090 389 1118 et
420 1084 541 1118 Neern.
560 1084 701 1126 frustra
732 1087 850 1116 autem
884 1084 951 1126 (ut
975 1085 1029 1118 ait
1052 1085 1221 1128 quidam)
1255 1084 1341 1125 niti,
1374 1095 1484 1128 neque
1518 1083 1618 1116 aliud

210 1145 480 1191 fatigando
523 1143 591 1177 nisi
628 1144 744 1177 odium
777 1156 955 1189 quaerere·
1015 1145 1084 1179 Sed
1117 1150 1212 1180 recte
1241 1145 1376 1180 monuit
1407 1143 1618 1179 Gerlachius

214 1207 301 1241 huic
331 1206 485 1248 homini,
521 1205 674 1250 pessima
704 1216 808 1249 saepe
832 1206 990 1240 oratione
1013 1206 1144 1248 utenti,
1175 1207 1308 1241 nullam
1331 1207 1368 1241 in
1392 1205 1458 1240 tali
1481 1217 1521 1240 re
1544 1215 1619 1239 esec

214 1267 322 1303 fldem
353 1267 567 1308 habendam,
601 1278 709 1311 quum
735 1267 902 1312 fatigare
933 1253 1082 1302 verbum
1104 1279 1277 1312 nusquam
1300 1268 1496 1314 reperiatur
1517 1269 1619 1312 refle-

215 1330 294 1363 rivo
319 1339 421 1362 seusu
447 1329 614 1372 positum.
669 1328 895 1372 Quamquam
920 1329 1013 1362 enim
1038 1329 1170 1370 lavare,
1194 1335 1343 1371 mutare,
1368 1334 1515 1370 vertere,
1540 1339 1618 1362 ver-

215 1401 302 1437 gere
335 1394 370 1424 et
401 1389 475 1424 ulia
508 1388 680 1433 plurimu,
713 1389 757 1423 de
781 1389 908 1433 quibus
933 1400 966 1424 V.
991 1390 1131 1434 Zumpt.
1155 1391 1316 1425 Gramm.
1343 1392 1421 1426 Lat.
1444 1394 1477 1434 ἓ.
1501 1390 1559 1433 37,
1580 1389 1617 1423 2.

215 1455 287 1486 not.
321 1450 355 1486 3.
387 1462 422 1494 p.
458 1450 539 1497 121.
587 1450 802 1484 Ramshoru.
837 1451 870 1493 §.
897 1449 977 1485 163.
1003 1451 1037 1485 l.
1062 1453 1097 1486 h.
1134 1464 1168 1496 p.
1201 1451 1272 1487 383
1295 1465 1345 1497 sq.
1388 1456 1423 1487 et
1453 1454 1620 1486 annotata

216 1516 334 1547 nostra
357 1512 403 1546 ad
426 1511 529 1546 Catil.
553 1511 611 1553 Vl,
635 1511 670 1544 7.
696 1523 731 1556 p.
755 1511 827 1554 37.,
859 1511 1026 1546 reflexive
1049 1517 1282 1557 usurpantur,
1317 1518 1436 1548 tamen
1451 1513 1619 1559 fatigare

217 1578 359 1619 propter
382 1577 455 1607 tam
479 1572 647 1618 exiguam
671 1573 917 1608 auctoritatem
941 1573 1000 1608 his
1024 1573 1144 1617 nequit
1166 1575 1400 1612 annumerari.
1428 1575 1620 1618 Per-peram

217 1636 325 1670 etiam
351 1635 546 1668 Muellerus
569 1633 724 1678 explicat
750 1635 859 1668 multo
886 1634 1015 1669 labore.
1042 1655 1086 1661 —
1115 1636 1290 1679 Quaerere
1313 1636 1337 1670 i.
1364 1647 1394 1669 e.
1419 1635 1619 1679 quaerendo

219 1695 406 1740 consequi,
443 1706 590 1739 parare,
627 1695 846 1730 contrahere.
892 1697 969 1741 Ing·
995 1697 1179 1739 Lxxxv,
1202 1697 1261 1733 3⁰.
1298 1698 1379 1731 Hae
1410 1702 1489 1731 sunt
1520 1707 1619 1730 meae

217 1758 415 1803 imagines,
443 1757 530 1790 haec
554 1757 739 1797 nobilitas,
772 1768 864 1801 quae
888 1763 1026 1802 egomet
1045 1760 1206 1802 plurimis
1228 1759 1402 1793 laboribus
1427 1763 1462 1792 et
1481 1758 1619 1802 pericu-

219 1817 262 1850 tis
286 1816 521 1861 quaesivi.
570 1818 778 1860 LXXXVII,
802 1817 837 1852 2.
870 1819 987 1852 Armis
1009 1818 1162 1863 gloriam
1184 1819 1319 1863 quaeri.
1366 1819 1560 1861 LXXXIX,
1584 1819 1617 1855 1.

219 1877 395 1912 Dedecore
433 1880 550 1921 potius
594 1891 700 1924 quam
739 1891 846 1914 manu
881 1881 1031 1914 salutem
1073 1880 1385 1926 quaesiverat.
1432 1880 1618 1926 Frugmm.

219 1939 313 1973 nist.
344 1939 413 1980 111,
450 1940 513 1982 11,
551 1941 587 1975 1.
613 1941 711 1975 Gerl.
747 1942 862 1975 Ductu
893 1953 969 1975 meo
1001 1940 1096 1975 vobis
1126 1941 1223 1974 salus
1250 1940 1468 1984 quaesita
1501 1946 1619 1976 erat.

219 2000 297 2035 Liv.
323 2001 432 2041 XXV,
458 2001 493 2043 6,
519 2002 574 2036 ll.
614 2003 670 2036 Ad
698 2003 829 2036 Alliam
853 2014 962 2047 prope
997 2003 1108 2036 omnis
1131 2001 1301 2036 exercitus
1317 2002 1440 2046 fugit,
1472 2003 1521 2036 ad
1535 2005 1619 2046 sur-

219 2063 317 2097 colas
341 2063 520 2096 Caudinas
545 2075 647 2098 arma
670 2063 822 2098 tradidit
845 2063 958 2103 hosti‚·
983 2068 1103 2097 tamen
1127 2053 1269 2097 tantum
1293 2062 1408 2106 abfuit
1430 2064 1475 2097 ab
1501 2076 1552 2107 eo,
1579 2070 1618 2101 ut

219 2125 295 2159 ulla
317 2124 515 2170 ignominia
537 2126 582 2159 iis
607 2125 812 2160 exercitibus
835 2128 1159 2169 quaereretur.
1192 2123 1256 2157 ubi
1279 2134 1313 2158 v,
1338 2124 1493 2159 Gronov.

313 2185 348 2230 §-
373 2185 408 2220 4.
455 2185 525 2218 uisi
538 2185 658 2229 sorte]
693 2185 853 2220 Tertium
884 2196 1048 2220 caussam
1074 2185 1136 2219 hie
1159 2184 1282 2219 afferri
1304 2196 1367 2219 cur
1390 2197 1413 2221 a
1434 2187 1620 2231 republica

221 2246 325 2291 plane
347 2246 589 2281 abstinendum
613 2247 678 2289 sit,
702 2247 775 2281 dixi
797 2247 841 2281 ad
865 2248 895 2290 §.
915 2246 948 2281 l.
997 2246 1052 2281 De
1074 2245 1329 2291 particularum
1350 2248 1421 2282 nisi
1434 2251 1533 2293 sorte
1554 2260 1619 2294 po-

220 2300 349 2343 testate
375 2318 409 2341 v.
436 2307 482 2341 ad
505 2308 610 2343 Catu.
636 2309 715 2352 xx,
742 2308 800 2342 1¹1.
823 2320 860 2353 p.
885 2307 968 2342 105.
1016 2307 1123 2342 Addit
1152 2306 1290 2342 eortius
1326 2308 1363 2342 h.
1396 2309 1421 2344 ι.
1454 2310 1551 2345 cart.
1575 2311 1618 2353 v,

221 2368 258 2403 8.
281 2368 339 2402 12.
380 2369 478 2402 Licet
501 2370 647 2404 honesta
670 2374 780 2404 morte
804 2369 972 2415 defungi,
996 2370 1097 2404 nisi
1111 2370 1141 2413 f
1145 2374 1248 2404 orte
1269 2370 1380 2404 satius
1401 2375 1453 2405 ert
1478 2371 1620 2406 victoris

221 2435 421 2475 exspectare
444 2430 641 2465 arbitrium.
673 2427 794 2465 Tacit
814 2430 910 2464 nist.
934 2430 993 2472 IV,
1017 2429 1076 2471 74,
1099 2428 1191 2464 med.
1222 2429 1411 2464 Praeterea
1433 2431 1479 2464 cf.
1505 2432 1619 2466 Geru-

220 2493 375 2527 bardum
410 2493 455 2526 ud
491 2492 564 2526 Cic.
596 2491 672 2525 Cat.
707 2491 758 2526 M.
789 2490 847 2532 1⁰,
870 2491 930 2526 33.
961 2495 996 2525 et
1029 2491 1072 2525 ad
1096 2491 1194 2526 Lael.
1215 2489 1273 2531 13,
1296 2489 1354 2524 48.
1387 2495 1422 2526 et
1446 2491 1631 2536 imprimis,

222 2555 306 2589 Car.
330 2554 496 2588 Boiorum
530 2552 575 2585 ad
599 2550 670 2585 Off.
692 2551 721 2594 1,
746 2551 805 2593 33,
833 2552 913 2585 120.
948 2572 993 2577 —
1036 2551 1224 2586 Paucorum
1255 2552 1413 2595 potentia
1443 2554 1619 2596 quomodo

223 2614 454 2660 intelligendu
483 2613 529 2647 sit
563 2612 698 2646 dictum
727 2612 772 2647 ad
807 2612 911 2646 Catil.
948 2624 979 2648 c.
1005 2612 1082 2653 XX,
1105 2611 1140 2647 7.
1171 2616 1206 2646 et
1237 2612 1283 2645 ud
1312 2624 1342 2644 c.
1368 2613 1561 2656 xxxvnl,
1584 2614 1615 2648 1.

223 2687 257 2720 p.
283 2673 364 2710 177.
388 2694 432 2700 -
461 2675 666 2719 Gratificari
687 2673 916 2708 Kunhurdtus
939 2673 1097 2707 obsoleta
1119 2671 1275 2707 doctrina
1300 2684 1363 2717 pro
1388 2674 1619 2719 gratificandi

224 2737 378 2783 positum
411 2740 544 2777 censet3
575 2734 637 2769 alii
670 2746 714 2768 no
749 2734 891 2769 credant
922 2734 1080 2769 cavimus
1102 2738 1186 2769 notu
1215 2734 1260 2768 ad
1289 2734 1364 2769 cat.
1390 2747 1420 2768 c.
1447 2736 1559 2777 XXX,
1581 2734 1616 2771 5.

222 2809 257 2844 p.
283 2795 363 2834 139.
408 2797 573 2832 Ceterum
600 2798 699 2840 patet
720 2795 824 2830 decus
846 2796 1048 2841 gratificari
1069 2806 1150 2830 cum
1175 2797 1376 2839 contemptu
1399 2792 1531 2829 dictum
1555 2804 1616 2828 va-
