1716 2996
206 182 294 225 556
572 180 631 257 ,⁰·
660 155 978 226 sALLthTl
1009 181 1228 228 CRISPI

207 297 382 359 posito,
422 312 525 343 cum
561 297 782 358 expeditis
824 298 1085 345 cohortibus
1129 306 1175 345 et
1216 307 1348 362 parte
1381 303 1603 362 equitatus

207 395 508 456 ¹proficiscitur
549 395 595 439 in
638 396 741 440 loca
784 397 904 454 sola,
947 398 1178 442 obsessum
1220 399 1379 443 turrim
1417 400 1602 460 regiam,

209 528 424 574 gnificantur
448 529 538 569 loca,
571 529 635 564 ubi
664 529 820 564 hiemem
855 530 987 565 milites
1016 518 1236 575 transigant3
1268 531 1491 568 hibernacula
1516 516 1606 570 vvero

210 593 292 624 sunt
316 588 393 632 ipsa
417 590 568 625 tentoria
593 590 670 625 sive
691 591 932 633 tabernacula,
955 591 1108 636 pellibus
1130 595 1244 635 tecta,
1273 593 1338 627 sub
1361 593 1489 638 quibus
1509 594 1606 629 mili-

209 653 264 685 tes
289 650 489 695 degebant3
511 661 545 685 v.
572 650 648 685 Liv.
674 652 715 693 V,
738 651 774 695 2,
800 652 834 686 1.
882 653 919 686 11
927 652 1206 687 ibernacala
1230 654 1337 688 etiam
1361 654 1418 699 (in
1439 655 1607 690 Veiorum

209 711 438 756 obsidione),
471 723 527 746 res
561 723 653 747 nova
683 713 789 747 militi
819 713 999 755 Romano,
1032 714 1293 758 aedificari
1326 721 1459 761 coepta.
1505 717 1607 762 Quae

208 772 366 807 militum
398 772 635 808 habitationes
666 774 711 809 ad
744 778 879 818 tempus
907 775 1025 808 factae
1057 775 1223 819 quoniam
1247 775 1357 811 etiam
1376 777 1519 821 pellium
1541 788 1607 812 no-

209 834 305 868 mine
338 835 579 876 vocabantur,
617 838 656 869 ut
687 839 804 879 patet,
834 836 865 870 si
888 835 982 871 Livii
1005 836 1325 872 verbfficontuleris
1349 849 1430 872 cum
1456 839 1552 873 Flor.
1577 839 1606 881 1,

208 896 268 939 12,
293 895 327 931 8.
380 897 476 930 Tunc
502 897 567 940 (in
590 896 758 931 Veiorum
790 897 999 941 obsidione)
1020 897 1172 942 primum
1196 897 1387 933 hiematum
1410 899 1486 933 snb
1508 900 1605 944 pel-

209 959 353 1000 libus,
387 957 471 1002 quid
504 957 640 991 intersit
670 957 760 992 inter
784 959 1012 997 hibernacula
1039 961 1075 994 et
1097 958 1242 993 hiberna
1265 959 1373 994 facile
1393 959 1607 1006 intelligitur

209 1031 254 1053 ex
275 1019 332 1052 his
355 1018 461 1053 locis=
495 1018 572 1053 Liv.
597 1019 787 1061 XXXVII,
809 1018 875 1061 39,
899 1019 935 1053 2.
981 1021 1053 1054 Aut
1084 1020 1164 1054 sub
1192 1020 1403 1065 pellibus
1428 1020 1605 1055 habendos

209 1081 338 1114 milites
355 1082 452 1124 fore,
477 1084 551 1121 aut,
575 1080 607 1113 si
630 1081 892 1115 concedere
921 1081 966 1114 in
990 1081 1184 1115 hiberna
1208 1081 1351 1124 vellent,
1376 1080 1618 1126 differendam·

209 1152 282 1175 esee
305 1141 343 1174 in
366 1145 535 1175 aestatem
560 1141 699 1176 bellum.
746 1142 847 1176 Caes.
870 1142 914 1176 B.
942 1142 985 1175 G.
1009 1141 1072 1183 ΙΙΙ,
1094 1141 1154 1177 29.
1177 1146 1264 1177 extr.
1311 1130 1494 1176 Eiusmodi
1515 1147 1606 1176 ten-

207 1206 362 1247 pestates
382 1206 462 1235 sunt
485 1207 713 1244 consecutae,
747 1204 802 1237 uti
825 1203 957 1237 diutius
979 1203 1057 1236 sub
1080 1203 1283 1246 pellibus
1307 1202 1436 1237 milites
1458 1199 1606 1234 conta·-

209 1263 314 1298 uers'
337 1273 406 1296 non
428 1267 581 1306 possent.
620 1266 748 1307 Itaque
776 1263 908 1297 Caesar
931 1263 1118 1297 exercitum
1140 1282 1187 1290 —
1215 1264 1263 1297 in
1286 1261 1494 1297 hibernie
1515 1259 1605 1294 col-

209 1324 402 1365 locavit,
425 1322 489 1356 ubi
510 1333 545 1357 v,
568 1324 726 1369 Herzog.
750 1336 787 1368 p.
811 1323 891 1358 19⁴1.
945 1323 1146 1357 Mansiones
1168 1322 1280 1368 igitur
1302 1323 1474 1356 hibernae
1496 1331 1605 1365 quum

208 1386 248 1420 h.
274 1385 297 1420 l.
320 1383 583 1430 significentur,
615 1395 704 1429 quas
737 1385 773 1419 in
803 1385 951 1419 urbibus
984 1384 1094 1418 fuisse
1116 1394 1223 1427 supra
1244 1387 1426 1418 narratum
1449 1385 1512 1430 est,
1535 1391 1606 1416 non

209 1449 325 1491 potest
349 1443 526 1486 dubitari,
558 1445 644 1489 quin
667 1446 820 1480 hibernis
842 1445 944 1479 unice
973 1455 1096 1479 verum
1131 1444 1197 1487 sit,
1229 1456 1300 1489 quo
1328 1443 1502 1479 vocabulo
1525 1442 1606 1477 Sal-

209 1506 338 1542 lustius
371 1506 407 1549 in
438 1505 562 1540 eadem
594 1518 633 1541 re
665 1506 796 1551 ubique
826 1506 958 1547 utitur3
996 1505 1044 1540 cf.
1071 1504 1165 1538 iufra
1186 1507 1220 1548 §.
1243 1505 1279 1540 4.
1303 1510 1340 1541 et
1361 1503 1540 1546 xxxvu,
1567 1503 1604 1539 3.

210 1568 322 1612 mul,
343 1566 379 1603 4.
404 1567 544 1608 xcvn,
567 1567 603 1601 3.
650 1567 764 1602 Aliter
788 1566 980 1602 Gerlachio
1003 1566 1139 1607 visum,
1161 1565 1222 1610 qui
1243 1566 1282 1601 in
1306 1564 1452 1611 utraque
1474 1565 1528 1601 ed.
1550 1566 1606 1599 1ιί-

211 1629 406 1664 bemaculis
438 1628 602 1671 retinuit,
645 1630 758 1663 altum
803 1628 840 1663 in
881 1627 1150 1663 Commentariis
1185 1626 1366 1662 silentium
1401 1628 1605 1669 observans,

209 1691 310 1736 quasi
333 1690 496 1725 omnibus
518 1689 676 1735 integris.
708 1709 755 1715 -
789 1689 984 1733 Composito
1014 1688 1109 1722 idem
1142 1692 1195 1724 est
1228 1689 1320 1733 quod
1351 1690 1534 1732 collocato,
1566 1690 1607 1722 ut

209 1754 339 1788 Caesar
361 1751 447 1786 «licit
469 1751 513 1785 B.
538 1751 585 1787 G.
610 1751 671 1793 111,
695 1750 754 1785 29.
802 1750 948 1785 Videtur
979 1753 1098 1784 tamen
1127 1749 1235 1790 simul.
1259 1749 1423 1785 adiuncta
1443 1760 1519 1783 esse
1540 1758 1606 1782 uo-

209 1814 260 1849 tio
285 1814 442 1848 intentae
469 1823 596 1854 σιω-αα,
631 1822 701 1856 qua
734 1811 898 1846 omuibus
930 1809 1102 1845 exercitus
1132 1811 1326 1846 commodis
1348 1809 1606 1855 prospiceretur

208 1886 232 1910 a
255 1875 354 1910 duce.
379 1893 426 1899 —-
462 1873 556 1907 Loca
578 1873 678 1907 sola
701 1877 781 1907 sunt
805 1873 968 1907 solitaria
991 1871 1067 1906 sive
1097 1871 1258 1914 ἀσωτίας
1290 1883 1323 1909 v.
1346 1871 1536 1906 Ruhnken.
1558 1869 1605 1904 ud

208 1937 295 1972 Ter.
321 1935 428 1970 Andr.
454 1935 499 1976 n,
524 1933 560 1976 4,
587 1932 622 1968 3.
647 1932 770 1967 Bremi
793 1934 839 1968 ad
862 1933 949 1977 Nep.
973 1933 1080 1966 Eum.
1105 1943 1137 1967 c.
1161 1931 1254 1975 vm,
1275 1931 1311 1968 6.
1339 1931 1604 1968 Drakenborch.

208 1997 254 2033 ad
279 1996 342 2031 Sil.
369 1997 440 2038 111,
469 1994 551 2030 429.
587 1993 730 2029 Cortins
757 1999 941 2039 praeterea
972 1993 1190 2037 comparavit
1221 1994 1338 2029 Plaut.
1365 1992 1515 2027 Mostell.
1545 1991 1605 2032 lv,

209 2059 245 2099 3,
279 2057 314 2092 3.
349 2057 445 2091 Rud.
479 2057 507 2099 1,
540 2055 575 2099 3,
609 2055 668 2089 22.
701 2056 728 2099 1,
758 2054 792 2098 4,
817 2054 851 2089 8.
887 2053 991 2088 Ovid.
1014 2054 1196 2089 Metamm.
1219 2055 1282 2098 111,
1302 2053 1384 2090 393.
1406 2053 1499 2096 XIV,
1522 2050 1623 2087 681..

210 2120 322 2154 Fastt.
346 2119 375 2162 1,
399 2117 481 2154 398.
505 2118 534 2160 l,
557 2116 637 2151 502.
661 2136 707 2142 -—
738 2117 880 2151 Turrim
903 2115 1042 2149 videtur
1064 2114 1191 2149 latiore
1213 2126 1317 2150 sensu
1339 2116 1383 2148 (le
1404 2126 1485 2150 arce
1508 2114 1604 2149 edita

211 2179 491 2225 intelligendum.
515 2198 564 2204 —-
605 2179 659 2212 De
681 2190 746 2224 quo
770 2176 937 2212 adverbio
960 2187 995 2210 v-
1019 2179 1186 2210 annotata
1208 2179 1254 2211 ad
1277 2188 1308 2210 c.
1331 2176 1463 2217 LXVI,
1487 2175 1522 2210 2.
1555 2193 1604 2201 —

214 2239 394 2286 Perfugas
418 2240 559 2274 omnis
581 2239 655 2274 iam
678 2239 818 2274 Cottius
841 2242 938 2273 recte
962 2237 1049 2272 vidit
1070 2237 1272 2282 germanice
1292 2237 1506 2272 reddendum
1529 2246 1606 2270 esse
1643 2255 1648 2260 ·

213 2302 370 2336 lauter
408 2301 644 2344 Ueberlaeiufer.
689 2301 760 2335 lsta
793 2299 887 2334 enim
920 2298 975 2334 vis
1005 2302 1058 2333 est
1087 2298 1198 2333 omnis
1228 2299 1425 2340 vocabulo,
1450 2297 1512 2332 ubi
1534 2307 1604 2332 non

212 2361 391 2406 epitheton
421 2365 474 2396 est
505 2361 652 2404 obiecti,
680 2361 742 2396 sed
770 2361 976 2407 praedicato
1006 2359 1152 2394 inservit
1174 2359 1372 2395 accuratius
1396 2349 1603 2398 definiendo,

212 2434 282 2468 quo
315 2421 490 2464 efficitur,
523 2428 563 2458 ut
594 2434 664 2457 non
693 2423 731 2456 in
759 2423 958 2457 universum
991 2421 1350 2465 comprehendantur,
1375 2428 1603 2463 quaecunque

213 2483 371 2518 eiusdem
393 2487 472 2518 sunt
495 2483 655 2528 generis,
689 2478 751 2519 sed
772 2482 1016 2518 tantummodo
1040 2486 1079 2517 ut
1100 2487 1218 2518 certae
1241 2481 1380 2516 cuidam
1403 2479 1477 2523 rei,
1512 2489 1603 2522 quae

212 2543 414 2590 praedicato
436 2543 666 2588 significatur,
690 2545 779 2580 nihil
803 2546 958 2579 alienum
981 2544 1175 2578 adndxtum
1199 2554 1271 2577 esse
1294 2541 1446 2576 dicatur.
1489 2539 1604 2585 Igitur

213 2606 244 2641 si
267 2610 386 2640 nostro
409 2605 489 2639 loco
511 2605 621 2639 omnis
644 2606 857 2640 vocabulum
879 2606 926 2640 ad
948 2604 1126 2640 obiectum
1146 2604 1348 2643 referretur,
1367 2611 1490 2635 seusus
1512 2601 1607 2635 foret·

214 2667 434 2712 transfugas,
458 2669 626 2710 quotquot
648 2666 693 2700 ad
717 2666 929 2710 Iugurtham
951 2667 1136 2705 venerant,
1160 2663 1257 2697 nullo
1281 2665 1445 2706 excepto,
1470 2661 1504 2695 in
1528 2664 1603 2695 tur-

215 2729 284 2762 rim
317 2728 426 2762 fuisse
457 2726 658 2771 impositos,
691 2726 785 2770 quod
808 2726 866 2760 vix
891 2725 1060 2760 credibile
1082 2727 1156 2766 est3
1188 2724 1231 2758 ad
1255 2723 1494 2768 praedicatum
1517 2733 1602 2756 vero

215 2788 245 2824 si
269 2788 428 2830 traxeris,
448 2787 668 2834 praesidium
689 2785 819 2821 dicitur
841 2797 909 2821 non
934 2797 974 2820 ex
997 2785 1089 2827 aliis,
1113 2795 1219 2829 quam
1244 2796 1284 2820 ex
1309 2783 1498 2829 transfirgis
1519 2794 1599 2818 m-
