1716 2996
175 193 263 236 27⁰
539 187 588 232 C.
622 187 955 232 SALLUSTI
985 186 1216 233 GRISPI

142 308 265 357 3bus
307 306 588 351 munimento
628 305 742 351 fore.
810 280 932 350 Inter
973 304 1091 350 haec
1133 307 1322 369 negotia
1351 303 1573 366 Iugurtha

174 403 420 466 impensius
465 402 607 447 modo
649 403 826 464 legatos
869 404 1098 465 supplices
1141 405 1322 448 mittere
1342 437 1356 461 ‚
1406 417 1573 463 pacem

175 536 316 572 turam3
340 529 476 564 scilicet
502 528 553 564 ita
574 529 678 562 rebus
701 529 772 563 iam
795 529 929 574 paratis
950 530 1052 575 parci
1074 541 1204 574 easque
1224 529 1263 564 in
1285 529 1446 564 futurum
1469 539 1573 562 usum

176 590 352 628 asservari
374 601 486 635 posse.
534 590 752 626 Assentimur
775 590 869 624 enim
893 591 1055 637 Langio‚
1087 603 1143 626 res
1169 592 1241 625 iam
1270 595 1418 635 paratas
1449 600 1574 623 verna-

177 654 257 688 cule
278 651 524 696 interpretanti
551 652 744 692 Vorrathe,·
776 652 905 696 quibus
927 654 1139 687 munimento
1156 653 1231 696 fait
1253 652 1346 696 quod
1368 652 1470 696 Vaga
1491 650 1576 684 urbs

177 719 212 750 et
234 714 473 760 negotiatores
495 711 635 757 copiam
657 713 871 757 praebebant
895 715 1088 748 exercitum
1109 719 1187 748 tum
1210 713 1291 748 aliis
1319 713 1425 747 rebus
1447 709 1576 753 alendi,

178 787 286 821 quam
325 786 414 820 quas
445 778 637 819 paraverat
667 774 854 818 Metellus,
886 775 936 810 ita
956 780 995 810 ut
1018 775 1075 810 his
1097 786 1245 821 parcere
1267 777 1302 809 et
1325 774 1396 809 alio
1419 778 1576 817 tempore

179 838 231 872 uti
255 840 386 882 posset.
436 835 508 870 Sed
541 835 615 869 iam
647 835 790 881 singula
821 836 1061 881 dispiciamus.
1109 838 1345 872 Commeatum
1362 836 1435 870 fere
1457 841 1582 869 omnes

178 898 264 933 libri
288 899 431 938 tenent3
464 897 501 930 in
534 897 614 931 aliis
638 902 775 931 exstare
798 903 992 933 commeatu
1016 898 1100 933 dicit
1123 898 1353 939 eiacum-ius,
1383 897 1444 930 sed
1466 895 1526 940 qui
1548 894 1576 929 ii

177 960 272 1002 sint,
302 958 472 1002 nescitur,
504 969 618 1002 neque
645 958 720 992 ullo
750 958 861 992 modo
881 959 971 993 haec
1003 959 1197 1004 scriptura,
1228 970 1338 1004 quam
1370 957 1580 992 Gerlachius

127 1015 131 1019 ’
177 1022 216 1057 in
249 1023 346 1056 textu
370 1019 424 1054 ed.
449 1019 535 1053 mai.
561 1019 748 1063 expressit,
786 1021 927 1064 probari
950 1024 1084 1065 potest,
1113 1025 1154 1056 ut
1175 1021 1332 1055 maxime
1354 1019 1503 1054 ostendit
1522 1019 1579 1052 ia-

178 1088 374 1118 catarum.
420 1082 609 1115 Praeterea
632 1081 747 1115 lnc.1.
771 1085 805 1116 et
828 1083 948 1117 Guelf.
965 1083 1021 1116 12.
1045 1082 1177 1115 habent
1199 1085 1463 1123 commeatuum,
1485 1077 1580 1123 qnod

177 1144 282 1189 Bipp.
306 1143 342 1178 in
366 1146 503 1177 textum
527 1145 754 1186 receperunt3
789 1155 879 1186 quae
900 1154 957 1178 res
980 1154 1040 1178 eos
1066 1143 1201 1189 coegit,
1234 1148 1274 1178 ut
1296 1144 1511 1177 iuvaturam
1534 1140 1578 1173 de

177 1206 381 1240 coniectura
407 1202 611 1238 scriberent.
660 1204 921 1238 commeatuum
953 1198 1073 1238 autem
1104 1204 1226 1239 dicunt
1257 1215 1333 1239 esse
1356 1203 1380 1238 i.
1404 1214 1440 1248 q.
1470 1212 1578 1236 com-

179 1265 431 1300 meantium
462 1264 600 1309 negotii
636 1275 786 1306 caussa,
820 1266 916 1298 male
945 1269 1178 1309 provocantes
1210 1266 1254 1300 ad
1288 1264 1404 1301 Tacit-
1438 1261 1578 1298 Annall.

179 1327 275 1370 XIV,
299 1325 358 1367 33,
384 1327 419 1361 1.
443 1325 480 1359 in
504 1337 573 1369 qua
595 1337 762 1369 perversa
786 1326 954 1359 vocabuli
979 1326 1266 1371 interpretatione
1288 1325 1447 1361 Curtium
1469 1321 1580 1358 secuti

180 1393 283 1431 sunt,
317 1388 462 1423 Excute.
485 1387 543 1420 lv.
575 1387 621 1421 ad
645 1388 724 1432 lug.
751 1399 786 1431 p.
810 1387 892 1422 928.
941 1387 1057 1422 Verba
1079 1388 1281 1423 iuvaturum
1306 1387 1492 1421 exercitum
1518 1385 1579 1419 de-

180 1452 261 1484 sunt
282 1448 318 1483 in
344 1447 422 1482 cod.
448 1448 565 1482 Palat.
583 1448 616 1483 8.
642 1449 752 1482 Laud.
773 1449 806 1482 3.
828 1452 862 1482 et
883 1448 992 1484 Vatic.
1016 1447 1051 1483 5.
1074 1460 1187 1493 neque
1209 1452 1413 1493 comparent
1434 1447 1471 1480 in
1486 1446 1576 1480 Edd.

180 1509 321 1544 Venetis
342 1534 355 1552 ,
393 1509 639 1543 Valentiniana
671 1513 705 1543 et
733 1509 999 1543 Mediolanensi.
1054 1510 1108 1544 Ea
1139 1510 1338 1544 abiicienda
1371 1509 1580 1544 censuerunt

179 1572 330 1615 Rivius,
364 1570 583 1615 Palmefius,
619 1570 809 1612 Gruterus,
843 1569 984 1604 Cortius
1012 1573 1049 1606 et
1079 1571 1307 1613 Germanias,
1339 1575 1415 1606 tum
1437 1571 1582 1614 propter

181 1634 284 1670 codd.
307 1630 554 1667 auctoritatem
568 1657 578 1674 ,
609 1634 686 1666 tum
710 1631 803 1675 quod
825 1631 1047 1674 sequentibus
1077 1632 1195 1667 verbis
1215 1632 1311 1667 idem
1342 1643 1463 1666 sensus
1483 1629 1579 1675 insit,

178 1701 258 1732 tum
280 1693 436 1729 maxime
459 1693 552 1737 quod
575 1692 759 1727 iuvaturus
786 1693 888 1726 valde
910 1695 1069 1736 suspecta
1092 1693 1271 1738 participii
1292 1694 1410 1728 forma
1433 1692 1479 1727 sit
1500 1695 1536 1726 et
1556 1701 1580 1726 a

179 1755 425 1804 grammaticis
448 1755 627 1788 damnata.
675 1753 745 1787 Sed
769 1753 811 1787 de
833 1754 903 1787 hac
926 1765 964 1787 re
987 1755 1173 1789 Putschius
1195 1755 1241 1790 ad
1264 1755 1301 1789 h.
1323 1754 1349 1788 1.
1373 1753 1580 1797 prudentem

183 1819 289 1866 „Ego
321 1816 416 1858 scio,
453 1815 592 1859 inquit,
622 1815 852 1859 quodcunque
867 1815 903 1849 in
926 1815 1028 1849 bonis
1052 1815 1255 1851 auctoribus
1277 1826 1297 1850 a
1321 1813 1581 1849 Grammatico-

181 1892 263 1916 rum
285 1879 426 1925 legibus
449 1877 636 1919 abhorret,
671 1887 740 1911 non
763 1864 884 1910 statim
907 1875 1140 1910 inducendum
1172 1880 1235 1911 aut
1257 1876 1415 1910 censoria
1438 1874 1581 1920 virgula

182 1941 423 1977 damnandum
447 1941 559 1974 este.“
606 1938 709 1981 Quod
741 1948 850 1981 quum
885 1937 928 1971 de
950 1937 1070 1972 multis
1093 1938 1174 1972 aliis
1205 1938 1309 1971 rebus
1330 1938 1470 1980 valeat,
1503 1940 1582 1970 tum

182 2003 280 2037 valet
303 2002 346 2035 de
368 1999 553 2045 participio
578 1999 688 2033 futuri
722 1998 854 2039 activi,
889 1998 1005 2042 quod,
1040 2009 1256 2042 quamquam
1285 1998 1444 2044 legitime
1475 2008 1498 2031 a
1521 2007 1580 2030 su-

184 2064 268 2109 pino
292 2061 490 2104 descendit,
527 2065 645 2095 tamen
668 2059 706 2095 in
728 2059 902 2109 nonnullis
934 2058 1054 2093 verbis
1075 2070 1156 2094 cum
1180 2070 1221 2094 eo
1245 2070 1314 2094 non
1336 2058 1520 2105 congruit,
1541 2059 1582 2092 ut

183 2124 223 2159 in
246 2134 402 2158 errorem
425 2122 592 2165 incurrat,
614 2122 675 2167 qui
697 2126 840 2166 propter
862 2122 956 2156 hanc
980 2111 1253 2166 discrepantiam
1275 2120 1333 2154 vel
1355 2118 1582 2164 participium

185 2186 366 2221 soloe-:um
389 2187 507 2228 putot,
540 2185 598 2218 vel
622 2195 664 2218 eo
686 2184 834 2228 probato
857 2183 1054 2227 perfectum
1078 2186 1112 2217 et
1131 2182 1296 2226 supinum
1319 2181 1353 2216 ei
1377 2179 1584 2215 conveniens

185 2248 223 2283 in
246 2258 312 2281 usu
336 2245 446 2279 fuisse
467 2246 665 2281 contendat.
712 2247 766 2279 Ita
787 2245 818 2279 si
842 2245 965 2279 Horat.
985 2244 1061 2278 Ser.
1085 2243 1112 2285 1,
1129 2242 1163 2285 4,
1182 2242 1241 2277 44.
1265 2242 1372 2277 dixit:
1395 2253 1432 2276 os
1448 2251 1583 2286 magna

187 2313 473 2349 conaturum,
497 2317 567 2340 non
589 2306 747 2350 sequitur
762 2306 905 2341 Latinos
927 2306 1035 2340 etiam
1059 2303 1182 2338 sonam·
1204 2307 1239 2339 et
1260 2308 1421 2338 sonatum
1443 2301 1583 2336 dixisse.

187 2369 282 2405 Vitio
315 2371 411 2403 caret
440 2373 708 2413 praestaturus,
740 2379 822 2402 nam
848 2378 890 2402 eo
921 2378 1004 2400 usus
1027 2370 1078 2400 est
1100 2365 1175 2408 Cic.
1200 2365 1290 2409 Epp.
1321 2365 1365 2399 ad
1389 2364 1527 2397 Famm.
1550 2361 1580 2404 1,

190 2431 226 2475 8,
249 2430 285 2466 8.
308 2430 370 2464 ubi
395 2441 429 2463 v.
455 2430 556 2464 θοι-ἑξ
575 2430 634 2474 vl,
659 2429 692 2470 8,
716 2428 749 2463 8.
773 2430 875 2463 Auct.
899 2429 942 2462 de
965 2428 1010 2461 Β.
1033 2428 1131 2462 Alex.
1154 2439 1185 2461 c.
1207 2427 1304 2468 xlx,
1322 2425 1361 2466 ,6,
1386 2424 1463 2458 val.
1485 2422 1581 2456 Max.

190 2493 231 2534 V,
251 2491 287 2533 6,
314 2490 348 2526 8.
373 2491 434 2524 sed
458 2492 614 2525 multum
638 2491 806 2531 fallatur,
839 2489 899 2533 qui
923 2488 1002 2522 inde
1025 2487 1188 2522 coniiciat
1209 2478 1315 2521 etiam
1334 2483 1517 2530 praestavi
1548 2485 1584 2517 et

190 2558 414 2600 praestatum
437 2552 569 2585 bonum
594 2563 678 2586 esse.
725 2550 865 2585 Pariter
887 2550 1041 2584 initurus
1072 2551 1107 2582 et
1129 2548 1307 2591 fruiturus
1338 2549 1431 2579 recte
1452 2546 1584 2585 habet3

192 2615 253 2650 sed
278 2624 369 2658 quae
386 2613 515 2647 harum
539 2614 735 2647 formarum
759 2621 883 2646 caussa
904 2610 1198 2644 circumferuntur
1218 2606 1403 2652 participia
1422 2606 1532 2640 tuitus
1551 2608 1587 2639 et

190 2677 343 2722 fruitus,
377 2685 400 2709 a
422 2673 664 2720 grammaticis
687 2673 808 2707 efficta
827 2675 926 2712 sunt,
960 2681 1074 2715 neque
1095 2669 1266 2703 bonorum
1288 2667 1498 2712 scriptorum
1521 2677 1587 2700 usu

198 2737 482 2782 comprobantur.
529 2733 624 2780 Quid
654 2735 746 2778 quod
779 2743 822 2767 ea
855 2732 984 2773 verba,
1014 2742 1104 2775 quae
1134 2729 1259 2774 supino
1283 2741 1424 2774 prorsus
1453 2731 1585 2772 carent,

199 2798 430 2844 participium
453 2798 519 2832 fut.
543 2800 611 2832 act.
635 2795 787 2838 habent,
820 2793 918 2828 velut
947 2793 1062 2834 doleo,
1089 2792 1276 2834 doliturus,
1309 2801 1430 2833 carco,
1455 2789 1586 2824 caritu—
1635 2838 1637 2840 q
