1716 2996
213 199 302 244 580
578 191 627 236 G.
655 190 993 238 SALLUSTI
1022 193 1250 242 CRISPI

217 314 278 361 de
309 311 556 374 improviso
590 309 865 370 acciderant,
905 311 1044 359 dubio
1079 318 1217 374 atque
1250 311 1498 361 haesitante
1531 315 1609 363 Iu-

174 410 399 475 7gurtha,
436 409 683 455 incolumes
719 415 958 467 transeunt.
1028 410 1208 456 Deinde
1242 412 1400 473 paucis
1438 413 1612 473 diebus,

216 525 310 572 quo
338 511 405 555 ire
438 506 733 564 intenderant,
768 512 1037 569 perventum
1071 513 1152 573 est.
1584 573 1586 575 ‚

357 604 522 652 CVIII.
559 604 630 650 Ibi
660 619 764 649 cum
788 604 980 651 Boccho
1007 604 1209 650 Numida
1233 604 1432 664 quidam,
1461 607 1614 668 Aspar

219 704 424 762 nomine,
467 703 681 748 multum>
704 707 750 747 et
789 702 1067 748 familiariter
1105 702 1298 764 agebat,
1343 704 1614 765 praemissus

219 803 279 851 ab
330 799 574 866 Iugurtha,
632 805 878 862 postquam
923 799 1097 848 Sullam
1152 801 1347 854 accitum
1398 801 1614 859 audierat,

220 971 440 1018 Romano,
465 970 626 1014 1ittcrae‚-
649 971 795 1018 supplet
818 970 913 1018 apud
935 981 1057 1008 omnes
1079 971 1174 1007 enim
1196 972 1304 1007 Rom.
1330 971 1481 1017 exiguae
1503 974 1614 1013 erant.

219 1034 349 1070 Tusce.
373 1034 421 1080 11,
444 1033 502 1077 27,
525 1032 584 1068 65.
633 1035 773 1078 Graeci,
795 1034 1001 1080 prudentes,
1023 1024 1166 1070 ut'est
1190 1038 1354 1079 captus
1378 1033 1613 1078 hominnm,

219 1095 308 1140 (non
338 1098 391 1130 est
422 1098 543 1130 autem
574 1097 745 1140 magnus)
774 1096 876 1139 satis,
909 1095 973 1130 ubi
1003 1105 1040 1129 v.
1073 1096 1252 1138 Kuehner,
1282 1096 1318 1130 et
1347 1095 1392 1129 ad
1426 1093 1456 1136 1,
1487 1093 1524 1137 8,
1557 1095 1616 1132 15.

219 1165 256 1202 p.
286 1155 345 1193 59.
393 1156 494 1192 Brut.
527 1167 558 1190 c.
590 1156 626 1198 7,
655 1156 717 1192 27.
764 1157 890 1202 Opinio
923 1161 975 1192 est
1005 1156 1216 1193 Clisthenem
1239 1156 1405 1197 multum,
1428 1159 1477 1190 ut
1500 1161 1617 1191 tem-

218 1217 419 1263 poribus
451 1216 578 1259 illis,
611 1217 763 1251 valuisse
796 1217 953 1251 dicendo.
986 1217 1065 1252 Liv.
1097 1218 1165 1259 IV,
1197 1216 1263 1261 13,
1298 1215 1332 1250 1.
1389 1211 1617 1253 Maelius‘ea'r

221 1278 374 1325 equestri
398 1278 542 1319 ordine,
572 1281 620 1311 ut
653 1277 760 1312 illis
792 1277 1101 1322 temporibus,
1130 1277 1328 1322 praedives.
1352 1276 1479 1320 XXIV,
1502 1277 1560 1321 28,
1583 1280 1618 1318 1.

223 1338 449 1385 Apollonides
483 1338 677 1373 orationem
711 1340 923 1381 salutarem,
957 1343 1007 1375 ut
1038 1339 1084 1373 ἰπ
1115 1338 1210 1373 tati
1234 1342 1456 1382 tempore,
1484 1341 1619 1376 habuit.

223 1401 272 1436 cf.
307 1398 418 1434 etiam
450 1397 635 1433 Bremium
666 1398 712 1438 ad
742 1399 830 1444 Nep.
862 1401 989 1444 Epam-
1019 1411 1052 1433 c.
1074 1399 1118 1441 V,
1140 1399 1176 1432 2.
1201 1398 1358 1443 Herzog.
1383 1399 1428 1432 ad
1451 1399 1550 1435 Caes.
1575 1402 1619 1439 Β.

224 1462 273 1498 G.
296 1460 356 1505 lv,
379 1459 415 1494 3.
438 1470 475 1504 p.
496 1458 580 1496 204.
602 1459 790 1495 Heindorf.
813 1460 859 1495 ad
881 1460 972 1494 Hor.
996 1459 1071 1495 Sat.
1093 1460 1125 1503 1,
1147 1458 1184 1502 6,
1207 1457 1266 1499 79.
1291 1459 1439 1502 Grysar.
1462 1464 1529 1496 art.
1551 1461 1619 1497 La-

225 1522 300 1559 tine
320 1518 496 1555 scribendi
520 1531 555 1564 p.
579 1519 659 1563 569,
684 1519 743 1564 4.‚
775 1520 838 1565 qui
859 1532 980 1556 omnes
1003 1523 1122 1556 tamen
1144 1530 1215 1554 non
1237 1519 1322 1555 satis
1344 1524 1509 1557 accurate
1530 1522 1621 1574 inter,

226 1586 418 1625 utrumque
441 1579 581 1614 dicendi
607 1580 752 1615 modum
784 1581 1026 1617 distinxerunt.
1083 1581 1204 1625 Quare
1227 1578 1373 1615 alterius
1395 1592 1534 1626 qnoque
1556 1595 1622 1630 ge-

227 1645 334 1690 neris,
365 1642 467 1678 cuius
490 1641 583 1676 ratio
607 1652 651 1676 ex
673 1642 892 1678 affirmativa
912 1641 1082 1678 sententia
1103 1641 1243 1687 pendet,
1277 1651 1491 1685 apponemus
1513 1655 1623 1688 quae-

227 1707 312 1742 dam
335 1703 518 1749 exempla,
552 1702 616 1737 ubi
637 1708 677 1739 ut
699 1704 789 1739 duas
811 1715 869 1738 res
892 1707 1054 1748 respectu
1076 1701 1270 1748 praedicati
1291 1713 1393 1747 pares
1416 1714 1491 1738 esse
1513 1705 1623 1751 sigui-

229 1768 325 1804 ficut.
357 1765 431 1801 Cic.
454 1764 583 1800 Tusce.
607 1764 644 1806 1,
672 1764 719 1807 8,
743 1763 803 1802 15.
850 1765 921 1800 Sed
943 1769 984 1800 tu
1011 1765 1099 1799 mihi
1121 1761 1252 1798 videris*
1272 1762 1477 1808 Epicharmi
1484 1790 1496 1807 ,
1529 1766 1625 1802 acuti

229 1840 293 1865 nec
323 1826 446 1863 insulsi
476 1825 647 1866 hominis,
677 1830 726 1860 ut
759 1826 926 1869 Siculi,
966 1826 1174 1861 sententiam
1214 1823 1332 1868 sequa}
1370 1824 1395 1858 i.
1423 1835 1456 1860 e.
1486 1827 1625 1870 pariter

231 1888 339 1932 nenti,
361 1892 402 1923 ut
424 1897 541 1922 omnes
565 1886 675 1921 Siculi
700 1891 792 1922 sunt.
817 1887 861 1921 de
885 1887 958 1922 Off.
981 1888 1045 1934 111,
1070 1886 1128 1928 14,
1151 1883 1210 1920 58.
1259 1884 1417 1930 Pythius,
1439 1887 1499 1931 qun·
1521 1894 1622 1933 esset,

232 1955 283 1987 ut
314 1949 644 1997 argentariae,
675 1948 772 1994 apud
803 1949 915 1983 omnis
942 1949 1080 1984 ordines
1110 1946 1316 1993 gratiosa-³5
1343 1949 1472 1982 omnen*
1491 1948 1626 1985 scilicet

234 2009 427 2056 argentarii
450 2007 601 2055 gratiosi
623 2011 712 2044 sunt.
734 2009 785 2043 ld.
811 2010 854 2044 de
878 2009 977 2045 Orat.
997 2010 1043 2054 11,
1060 2008 1096 2053 1,
1119 2007 1155 2042 2.
1182 2007 1274 2050 Quos
1296 2011 1381 2050 tum,
1404 1991 1461 2044 &t
1475 2010 1625 2054 pueri,

234 2074 393 2116 refutare
416 2069 613 2105 domesticis
636 2070 780 2105 testibus
798 2071 991 2105 solebamus
999 2082 1013 2112 ,-
1043 2081 1165 2106 omnes
1187 2068 1282 2102 enim
1303 2068 1404 2112 pueri
1426 2069 1627 2105 domesticis

235 2132 383 2167 testibus
415 2133 573 2166 utuntur.
607 2129 687 2166 Liv.
720 2130 848 2175 XXlX,
881 2131 917 2175 l,
949 2130 1007 2165 22.
1057 2130 1210 2175 Trepida
1232 2130 1360 2172 omnia,
1391 2134 1440 2165 nt
1463 2131 1628 2166 incon-

237 2192 390 2227 ditam
413 2191 592 2227 turbam
612 2191 838 2234 tironum,
869 2203 963 2233 esse5
994 2191 1058 2227 ubi
1088 2190 1397 2227 Drakenborchius
1419 2191 1522 2235 plura
1542 2203 1627 2227 con-

235 2251 329 2287 tulit.
351 2270 398 2277 —
419 2251 538 2289 Verba
561 2263 603 2286 ae
626 2252 746 2287 statiin
767 2253 917 2297 profecti
939 2252 1079 2288 eortius
1100 2252 1148 2288 ad
1169 2251 1290 2297 priora
1307 2251 1426 2295 refert,
1448 2252 1628 2297 semicolo,

236 2311 333 2357 quod
355 2314 434 2356 post
453 2314 604 2357 probata
627 2316 702 2356 est,
731 2314 804 2348 huc
825 2313 1056 2358 transposito,
1089 2324 1160 2358 qno
1190 2312 1296 2348 totius
1328 2312 1516 2348 sententiae
1537 2312 1628 2348 ratio

211 2397 213 2400 -
238 2375 278 2407 et
301 2371 518 2407 concinnitas
538 2373 762 2418 pervertitur,
785 2372 956 2417 siquidem
987 2373 1103 2408 oratio
1125 2384 1195 2419 non
1217 2373 1332 2408 solum
1353 2372 1473 2408 hiulca
1493 2373 1544 2416 fit,
1566 2373 1628 2408 sed

237 2433 388 2480 profecti
419 2432 525 2467 etiam
556 2433 632 2468 vim
665 2434 828 2479 primarii
858 2434 959 2469 verbi
989 2434 1134 2480 accipit,
1169 2435 1216 2469 nb
1247 2433 1319 2468 loci
1339 2445 1440 2468 senen
1462 2432 1626 2469 alienam.

242 2492 447 2531 Nat-rationi
479 2493 574 2529 enim
607 2495 650 2529 de
678 2506 718 2530 re
745 2495 898 2540 probata
931 2495 1135 2542 adiungitur
1164 2499 1317 2536 eventus,
1345 2492 1526 2529 interiecta
1546 2506 1630 2540 pro·

238 2553 404 2600 fectionis
424 2551 588 2598 notione,
620 2567 711 2599 quae
733 2555 878 2591 minoris
900 2555 937 2590 in
960 2556 1030 2590 hoc
1050 2555 1198 2601 negotio
1216 2553 1384 2589 momenti
1408 2556 1470 2589 est.
1493 2572 1539 2581 —
1563 2556 1631 2590 Ac-

244 2614 405 2649 eidcrant
435 2615 489 2648 est
515 2613 554 2648 in
584 2614 693 2650 Fabr.
726 2616 759 2650 1.
794 2616 874 2650 Sen.
899 2616 935 2651 1.
958 2616 1105 2662 Berger.
1130 2616 1250 2650 Struv.
1272 2615 1369 2651 Vrat.
1392 2614 1427 2649 2.
1453 2615 1570 2650 Guelf.
1593 2614 1630 2651 L

245 2673 281 2710 3.
314 2674 349 2709 6.
378 2674 413 2710 9.
446 2674 505 2710 10.
536 2674 594 2710 11.
626 2675 684 2710 12.
711 2676 829 2713 Mark.
860 2679 903 2711 Γ.
934 2675 1031 2711 Leid.
1063 2677 1106 2713 A.
1132 2676 1174 2710 F.
1197 2677 1245 2710 H.
1269 2676 1299 2711 1.
1322 2676 1368 2710 Κ.
1393 2676 1512 2711 Bcrol.
1537 2676 1571 2714 1.
1593 2676 1630 2712 2.

246 2733 354 2769 Minu.
385 2734 503 2769 Goerl.
549 2734 627 2771 Non
657 2737 808 2771 multum
840 2737 885 2772 ab
911 2747 954 2771 eo
985 2736 1060 2772 abit
1083 2736 1271 2780 acciderat,
1294 2737 1387 2780 quod
1407 2737 1504 2772 haud
1526 2736 1631 2782 pauci

244 2795 377 2838 tenent,
396 2806 613 2841 quamquam
634 2794 688 2832 ita
710 2807 753 2832 ex
775 2796 1043 2844 interpolatione
1063 2797 1233 2843 scriptum
1255 2799 1309 2833 est
1330 2797 1376 2833 ab
1398 2796 1463 2842 iis,
1485 2796 1548 2842 qui
1569 2806 1630 2832 ac-
