1702 2982
449 153 822 199 IUGURTHA.
882 155 1011 198 CAP.
1040 155 1100 198 X.
1418 157 1474 199 ³1

9 301 40 349 ἐς
89 286 215 319 sume
246 271 423 318 rediens
442 271 680 318 Numantia
709 287 874 332 meque
894 284 1176 333 regnumque
1202 285 1351 316 meum
1372 272 1473 333 glo-

14 458 16 461 .
86 437 179 483 quod
205 438 331 473 Latina
361 439 485 485 lingua
506 438 652 484 perfecti
678 437 872 483 participiis
901 441 1042 478 emeat,
1065 442 1182 471 tamen
1206 447 1274 470 non
1291 436 1474 482 negligen-
1541 457 1545 459 -

85 498 171 533 dum
189 503 266 534 erat
282 511 349 534 non
370 501 474 545 plane
492 501 544 535 ita
563 500 739 534 defectum
762 498 869 532 istum
895 497 1133 542 compensari,
1155 497 1215 530 sed
1240 496 1371 541 ubique
1393 508 1475 541 pro-

9 576 16 577 *
85 559 202 605 prium
225 560 276 595 rei
303 562 454 595 nondum
479 561 660 596 absolutae
683 559 861 594 notionem
885 558 1049 600 retineri,
1086 563 1124 592 ut
1143 567 1210 591 non
1233 562 1306 591 tam
1329 555 1474 600 perfecti

86 624 150 655 aut
172 621 524 665 plusquamperfecti,
550 632 657 664 quam
688 619 885 664 imperfecti
915 618 987 654 vim
1014 617 1185 653 eiusmodi
1208 616 1393 662 participia
1415 629 1474 651 su-

85 679 246 717 stineant.
292 682 344 715 Ad
366 693 475 716 unum
491 681 583 715 enim
609 681 729 716 omnia
749 680 911 724 exempla
929 679 1052 713 docent
1070 678 1169 713 verbi
1195 677 1370 713 actionem
1392 688 1477 722 par-

87 740 210 785 ticipio
226 745 423 777 contentam
441 741 512 777 no'n
528 742 727 776 absolutam
749 740 898 786 cogitari
910 766 920 784 ,
943 740 1002 773 sed
1030 740 1135 774 talem
1147 764 1159 781 ,
1182 750 1272 783 qnae
1299 750 1410 783 usque
1428 739 1475 774 ad

87 802 238 837 alteram
251 827 262 846 ,
285 803 395 837 verbo
416 802 516 837 finito
537 802 775 843 declaratam,
799 800 972 845 pertineat
994 811 1037 835 ac
1059 801 1179 841 duret,
1202 799 1236 834 id
1265 800 1358 844 quod
1382 803 1476 834 recte

86 862 263 907 perspexit
291 863 449 897 Perizon.
472 863 517 898 ad
541 863 660 898 Sanct.
686 863 772 897 Min.
804 863 831 904 1,
857 861 912 896 15.
939 872 973 905 p.
998 859 1079 896 155.
1104 862 1159 896 ed.
1186 860 1277 894 Bau.
1307 859 1475 895 Sanctius

85 922 181 957 enim
201 933 310 967 quum
340 927 376 959 et
406 924 519 958 multa
544 923 617 957 alia
638 926 673 956 et
703 922 773 956 hoe
795 921 914 955 Plauti
938 921 1131 956 attulisset:
1167 921 1370 965 Amphitruo
1395 933 1474 956 eum

85 990 191 1018 uxore
212 984 314 1018 modo
337 995 380 1018 ex
402 985 555 1020 hostibus
577 984 663 1017 adv
675 984 836 1018 eniens
858 983 1073 1028 voluptatem
1096 983 1214 1027 capit,
1240 981 1474 1026 explicatione

85 1042 207 1078 addita
230 1043 255 1078 i.
271 1054 302 1078 o.
323 1050 507 1090 postquam
530 1044 692 1086 advenit,
728 1043 930 1078 Perizonius
953 1043 1235 1085 ‚‚Adoenientes,
1265 1043 1396 1088 inquit,
1419 1044 1475 1079 di·-

85 1107 212 1139 cuntur
230 1116 300 1139 non
322 1105 377 1139 illi
398 1109 556 1147 tantum,
579 1105 639 1149 qui
662 1105 699 1138 in
722 1104 847 1139 itinere
869 1108 962 1146 sunt,
984 1104 1044 1138 sed
1067 1107 1102 1139 et
1125 1103 1187 1148 qui
1209 1104 1283 1138 iam
1305 1115 1474 1149 pervene-

85 1168 169 1201 mnt
195 1165 232 1200 in
266 1167 383 1201 locum
407 1167 450 1201 ad
474 1178 578 1211 quem
601 1166 807 1207 tendebant,
840 1168 876 1199 et
904 1165 1050 1209 speciem
1075 1164 1334 1199 advenientium
1357 1165 1473 1200 adhuc

83 1227 245 1262 retinent.
291 1227 344 1261 Eo
367 1239 476 1272 nsque
496 1226 589 1261 enim
603 1237 642 1260 se
664 1226 816 1260 extendit
838 1224 1042 1260 adveniendi
1058 1225 1308 1270 significatio.“
1355 1227 1475 1270 Quare

84 1288 179 1332 apud
205 1288 394 1324 Horatium
414 1288 440 1322 l.
464 1288 489 1322 Ι.
529 1288 646 1322 Rubos
669 1288 762 1330 fessi
789 1287 1028 1331 pervenimus,
1051 1290 1170 1330 utpote
1194 1286 1337 1331 longum
1371 1297 1474 1320 ear-

6 1376 9 1379 ,
82 1354 246 1395 pentes
267 1350 336 1384 iter
353 1360 422 1384 non
445 1352 496 1384 est
516 1348 540 1383 i.
560 1360 593 1393 q.
618 1346 842 1381 Heindorfius
867 1346 939 1380 vult
963 1346 1102 1388 emensi,
1122 1357 1203 1380 nam
1221 1347 1390 1392 carpendi
1411 1347 1474 1382 iti-

48 1420 58 1429 ¹
84 1411 178 1445 aeris
198 1410 295 1444 notio
317 1421 385 1444 non
407 1413 573 1454 tanquam
598 1418 802 1453 praegressa
825 1407 1012 1451 cogitatur,
1039 1407 1100 1441 sed
1119 1407 1344 1445 continuatur
1365 1418 1475 1451 usque

83 1469 131 1505 ad
151 1469 268 1513 ipsum
289 1470 491 1504 adventum.
538 1470 591 1504 Ad
624 1474 781 1503 nostram
814 1468 1081 1511 explicationem
1103 1468 1209 1501 huius
1229 1467 1364 1500 dicendi
1389 1479 1474 1502 usus

84 1530 332 1565 stabiliendam
353 1530 490 1576 insigne
513 1536 564 1564 est
587 1530 784 1572 exemplum
809 1540 831 1562 a
855 1527 1093 1562 Ramshornio
1117 1528 1142 1561 1.
1161 1528 1188 1563 1.
1211 1527 1380 1570 allatum,
1406 1528 1473 1563 Va-

44 1586 52 1599 *
85 1590 151 1625 let.
168 1591 264 1625 Max.
283 1591 325 1632 V,
339 1592 374 1634 2,
391 1591 426 1625 8.
475 1591 514 1624 C.
543 1591 678 1624 Marius
701 1591 791 1624 duas
812 1589 1026 1623 Camertium
1050 1587 1205 1622 cohortes
1227 1588 1320 1622 mira
1343 1589 1473 1625 virtute

85 1650 157 1684 vim
181 1651 395 1685 Cimbrorum
417 1651 726 1692 sustinentes,
760 1651 810 1684 in
842 1650 944 1693 ipsa
974 1649 1082 1682 acie
1105 1649 1314 1683 civitate
1337 1650 1471 1684 dona-

85 1710 172 1753 vit,
207 1711 269 1746 nbi
302 1711 422 1746 addita
445 1710 552 1744 verba
581 1710 596 1744 i
605 1722 629 1743 n
658 1711 761 1755 ipsa
791 1711 892 1744 acie
910 1709 1106 1744 clarissime
1128 1710 1312 1744 ostendunt
1334 1721 1473 1745 sensum

83 1781 154 1806 m!
176 1783 254 1807 esse
275 1784 404 1818 quum
437 1771 793 1813 sustinuissent,
825 1771 886 1805 sed
917 1781 1046 1816 quum
1071 1771 1314 1804 etiamtum
1336 1773 1473 1806 susti-

28 1881 31 1882 γ
83 1838 258 1869 nerent.
303 1833 417 1878 Igitur
455 1832 549 1877 apud
582 1832 668 1867 Sall.
697 1833 835 1866 rediens
857 1842 927 1865 non
955 1835 1008 1865 est
1038 1835 1116 1875 post
1145 1831 1316 1873 reditum,
1340 1832 1400 1866 sed
1425 1833 1472 1866 si—

83 1893 158 1927 mul
177 1905 254 1928 eum
276 1895 350 1939 ipso
371 1896 506 1937 reditu,
531 1905 634 1939 quum
647 1893 792 1928 redires.
814 1892 859 1926 cr.
886 1892 977 1926 vell.
992 1892 1038 1935 11,
1060 1890 1119 1933 72,
1135 1889 1168 1924 4.
1216 1891 1354 1925 Statius
1374 1893 1471 1926 Mur-

85 1965 145 1988 cus
167 1955 261 1988 Sext.
285 1954 508 2000 Pompeium,
529 1955 601 2000 ‘qui
624 1965 665 1988 ex
700 1954 875 1998 Hispania
908 1957 1155 1991 revertens
1180 1950 1338 1984 Siciliam
1364 1953 1472 1987 armis

85 2021 333 2058 occupaverat,
353 2017 454 2060 petit.
472 2027 542 2059 quo
561 2014 780 2060 significatur
802 2026 883 2047 cum
899 2014 974 2057 ipso
990 2013 1105 2047 reditu
1121 2012 1340 2046 coniunctam
1363 2014 1472 2047 fuisse

86 2074 230 2109 Siciliae
252 2076 525 2120 occupationem.
551 2075 624 2111 Cic.
647 2076 680 2109 T
684 2087 755 2109 use.
777 2077 821 2117 11,
845 2074 904 2116 25,
919 2074 978 2108 61.
1028 2073 1170 2107 Solebat
1193 2084 1344 2107 narrare
1369 2073 1469 2107 Pom-

82 2134 206 2179 peius,
231 2146 289 2176 se,
310 2148 414 2180 quum
439 2137 600 2170 Rhodum
622 2138 772 2170 venisset
795 2136 1018 2170 decedens
1042 2146 1083 2168 ex
1106 2133 1231 2177 syria,
1258 2134 1382 2167 audire
1406 2146 1467 2168 vo-

86 2195 192 2240 luisse
216 2195 454 2237 Posidonium3
476 2197 633 2230 decessus
649 2200 768 2230 autem
783 2207 851 2230 non
874 2200 1008 2229 constat
1023 2195 1098 2239 ipso
1113 2192 1262 2227 abeundi
1279 2198 1469 2236 momento,

83 2254 145 2289 sed
174 2257 248 2290 toto
280 2255 402 2290 itinere
423 2268 464 2290 ex
489 2257 595 2300 Syria
625 2257 778 2289 Romam
809 2256 916 2289 facto.
940 2255 1018 2289 Liv.
1042 2255 1140 2296 xxi,
1163 2253 1221 2295 32,
1237 2253 1271 2286 2.
1323 2255 1360 2288 P.
1385 2254 1467 2288 cor-

83 2316 196 2350 nelius
211 2316 261 2349 ad
276 2326 373 2350 mare
393 2328 434 2350 ac
453 2327 559 2350 naves
579 2317 697 2359 rediit,
723 2317 834 2350 tutius
849 2316 1062 2360 faciliusque
1087 2314 1400 2350 descendenti
1422 2316 1466 2349 ab

60 2409 62 2412 .
85 2375 231 2421 Alpibus
255 2376 449 2410 Hannibali
470 2387 681 2419 occursurus,
706 2376 728 2410 i.
748 2387 780 2410 e.
802 2375 930 2419 inipso
953 2374 988 2408 i'n
1012 2374 1138 2409 Italiae
1160 2375 1266 2417 plana
1288 2375 1467 2411 descensu.

83 2435 202 2471 Tacit.
225 2437 342 2482 Agric.
367 2448 397 2474 c.
420 2437 482 2471 lx.
529 2438 853 2471 Revertentem
877 2436 922 2469 ab
950 2436 1128 2480 legatione
1154 2436 1303 2480 legionis
1329 2437 1368 2470 D.
1401 2438 1468 2470 Ve-
1484 2422 1491 2436 Ι

83 2497 266 2542 spasianus
288 2498 380 2532 inter
405 2497 572 2533 Patricios
592 2498 726 2532 ascivit.
744 2515 790 2521 —
819 2497 957 2541 Meque
978 2507 1216 2541 regnumque.
1243 2497 1292 2530 cf.
1314 2497 1389 2531 Cat.
1404 2498 1468 2539 lx,

82 2555 120 2591 8.
141 2556 300 2601 xxxvl,
325 2557 361 2591 4.
391 2559 469 2604 Ing.
502 2558 606 2599 XXI,
638 2556 673 2591 4.
706 2557 865 2591 Lxxxx.
887 2556 921 2591 9.
954 2557 1127 2598 Lxxxv,
1151 2557 1206 2591 36.
1234 2557 1352 2591 Tacit.
1378 2558 1466 2591 Anu.

82 2617 182 2660 11,8.‚
199 2629 289 2662 quae
311 2622 433 2652 notare
452 2629 520 2652 non
548 2630 637 2662 opus
656 2618 841 2658 duxissem,
860 2617 928 2651 nisi
950 2618 1106 2651 viderem
1122 2617 1324 2660 anptium
1343 2619 1467 2653 Gram.

83 2676 161 2712 Lat.
191 2680 225 2720 S.
248 2678 305 2712 67.
334 2679 367 2712 1.
395 2685 466 2713 not.
494 2691 526 2723 p.
549 2677 631 2712 235.
663 2679 717 2711 ed.
751 2678 811 2711 lv.
839 2678 933 2710 hunc
957 2690 1024 2722 que
1046 2678 1242 2721 particulae
1265 2680 1468 2724 geminatae

0 2716 11 2766 γ’
84 2747 186 2773 11111111
206 2739 321 2783 poetis
353 2745 489 2773 tantum
511 2740 686 2782 tribuere,
710 2738 803 2782 quod
826 2738 933 2774 etiam
957 2738 1142 2773 Walchius
1165 2738 1210 2772 ad
1234 2739 1320 2775 Tac.
1346 2739 1466 2785 Agric.

1088 2809 1191 2852 ,μ
