1716 2996
216 141 302 182 5⁰4
589 137 636 181 C.
663 135 990 180 SALLUSTI
1020 135 1248 182 CRISPI
1278 148 1285 158 ’

218 254 278 299 lio
309 254 500 311 intentis,
530 269 697 315 magna
730 253 957 313 utrimque
987 255 1031 299 vi
1059 270 1146 316 pro
1182 256 1493 317 gloriaatque
1526 259 1614 303 im-

217 352 348 414 perio
391 351 487 411 his,
545 351 631 396 illis
673 365 759 411 pro
807 351 951 396 salute
1003 344 1272 399 certantibus
1291 386 1306 411 ,
1354 361 1543 415 repente
1587 371 1615 399 a

220 455 354 511 tergo
385 450 514 511 signa
545 463 735 502 canere3
766 463 819 491 ac
853 449 1003 509 primo
1027 451 1248 496 'mulieres
1276 457 1321 497 et
1353 451 1507 512 pueri,
1542 452 1619 511 qui

221 547 365 592 visum
394 524 724 607 processerant,
758 545 935 606 fugere,
972 546 1137 592 deinde
1171 549 1235 592 uti
1268 549 1458 609 quisque
1491 558 1621 594 muro

221 658 471 704 proxumus
507 633 604 688 erat
621 679 635 702 ‚
667 648 902 704 postremo
930 645 1103 703 cuncti,
1137 647 1297 691 armati
1323 647 1622 706 inermesque.

189 741 369 798 6Quod
403 741 482 785 ubi
518 740 710 796 accidit,
746 755 802 784 eo
837 734 981 786 acrius
1009 742 1205 788 Romani
1237 744 1424 802 instare,
1457 743 1622 788 funde-

223 854 274 884 re
322 854 377 883 ac
419 838 669 900 plerosque
713 838 1027 883 tantummodo
1069 840 1293 898 sauciare,
1338 841 1442 886 dein
1487 857 1625 902 super

226 937 478 982 occisorum
523 950 720 997 corpora
774 934 965 994 vadere,
1019 935 1138 981 avidi
1183 937 1358 997 gloriae
1405 944 1626 984 certantes
1653 967 1667 974 x-

225 1114 345 1138 omnes
381 1102 577 1145 Romanos,
609 1101 671 1136 sed
702 1099 864 1147 generali
893 1101 1069 1136 vocabulo
1099 1101 1356 1147 appositionem
1392 1102 1521 1149 adiici,
1557 1115 1630 1148 qua

226 1164 314 1199 illud
349 1164 547 1199 accuratius
580 1162 827 1206 explicaretur.
885 1163 1019 1196 Eadem
1057 1163 1152 1198 ratio
1193 1167 1246 1201 est
1289 1167 1503 1208 verborum,
1539 1150 1631 1209 quae

228 1224 350 1261 atatim
385 1228 465 1269 post
497 1226 684 1269 leguntur,
720 1223 856 1264 cuncti,
893 1224 1025 1258 armati
1059 1224 1296 1270 inermesque,
1331 1226 1395 1260 ubi
1417 1226 1455 1260 in
1477 1226 1632 1271 vulgatis

231 1286 309 1322 edd.
334 1286 470 1321 nullum
502 1295 642 1319 comma
673 1283 836 1318 habetur.
873 1283 914 1317 V.
939 1287 1059 1318 notata
1084 1285 1131 1320 ad
1162 1297 1192 1320 c.
1218 1287 1374 1329 LXXVI,
1399 1287 1433 1324 1.
1458 1287 1504 1321 ad
1526 1288 1634 1331 xcu,

231 1348 266 1383 2.
290 1351 325 1383 et
348 1347 393 1383 ad
417 1347 493 1381 Cat.
519 1347 635 1388 XXX,
659 1344 694 1379 4.
741 1343 820 1378 Nou
838 1347 890 1379 eet
912 1344 1025 1390 igitur
1047 1347 1281 1390 probandum,
1304 1348 1397 1391 quod
1421 1348 1634 1384 Ger-luchina

232 1409 270 1444 in
294 1409 348 1444 ed.
373 1407 566 1443 novissima
589 1404 728 1450 scripsit
751 1405 853 1441 Rom.
877 1406 1034 1440 omnibus
1056 1407 1158 1450 host„
1190 1408 1251 1452 qni
1274 1409 1360 1443 ordo
1383 1407 1574 1443 verborum
1597 1408 1634 1444 iu

233 1471 369 1516 aliquot
392 1469 491 1504 codd.
514 1467 703 1512 reperitur.
731 1486 771 1491 —
805 1466 877 1500 Pro
906 1471 1026 1512 petere
1049 1467 1163 1511 ,pauci
1195 1468 1279 1502 libri
1301 1479 1344 1503 ex
1366 1467 1636 1515 interpolatione

233 1533 368 1568 habent
400 1530 600 1566 ascendere.
648 1527 746 1562 Tum
782 1532 936 1563 correcta
961 1527 997 1562 in
1031 1528 1170 1572 aliquot
1200 1529 1302 1564 libris
1324 1529 1442 1574 inepte
1462 1533 1638 1567 mutatum

235 1595 272 1630 in
295 1598 469 1638 correpta.
496 1611 537 1616 —
564 1590 702 1625 Invenit
733 1598 805 1623 non
835 1599 878 1621 eo
910 1600 1014 1623 sensu
1037 1588 1327 1635 intelligendum,
1354 1581 1460 1634 quem
1481 1591 1638 1637 explicui

235 1655 281 1691 ad
303 1666 335 1689 c.
359 1654 470 1695 LXX,
495 1653 550 1695 2.;
583 1651 644 1686 aed
675 1654 802 1686 auctor
824 1649 894 1682 hoc
926 1650 1106 1685 vocabulo
1139 1647 1202 1685 hic
1226 1654 1412 1748 prpssterea
1432 1663 1516 1687 uana
1539 1654 1638 1689 vide-
1703 1658 1716 1675 ⁴

237 1719 315 1758 tur,
345 1717 385 1749 ut
418 1713 636 1760 significaret
668 1711 825 1758 gloriam
861 1710 978 1747 Mario
1012 1712 1204 1758 contigisse
1227 1712 1265 1747 fo
1325 1711 1396 1756 ito,
1418 1724 1531 1758 neque
1552 1727 1641 1760 prn-

238 1777 360 1811 denter
383 1775 479 1810 initis
502 1773 657 1810 consiliis
679 1771 810 1807 deberi.

333 1836 439 1872 XCV.
463 1838 497 1880 5.
520 1836 557 1871 1.
605 1846 689 1881 quos
711 1834 766 1869 uti
789 1845 830 1868 ex
855 1833 959 1870 Latio
984 1838 1018 1870 et
1042 1846 1066 1870 a
1088 1833 1190 1884 sociis
1213 1834 1381 1879 cogeret]
1408 1834 1509 1869 Haec
1530 1846 1642 1871 enun-

241 1897 349 1933 ciatio
379 1910 490 1943 quum
522 1909 566 1932 eo
595 1895 744 1931 coneilio
769 1894 889 1930 addita
913 1896 978 1939 ait,
1012 1899 1053 1932 ut
1073 1907 1130 1930 res
1153 1895 1199 1930 ad
1223 1896 1358 1930 Sullam
1379 1899 1539 1939 spectans
1560 1897 1642 1932 illu-

242 1964 394 2004 atretnr,
418 1959 609 1994 relativum
629 1957 785 1992 debebat
807 1956 1026 1992 nominativo
1049 1957 1204 2003 positum
1226 1957 1272 1992 ad
1294 1957 1391 1991 hunc
1411 1957 1557 2001 referri,
1580 1959 1643 1994 aed

242 2031 306 2065 per
337 2019 583 2055 attractionem
620 2028 703 2053 enm
734 2027 878 2060 casum,
910 2030 1016 2063 quem
1056 2018 1227 2054 omissum
1259 2028 1389 2053 nomen
1419 2019 1646 2055 secundariae

241 2080 495 2117 enunciationis
525 2081 712 2128 poscebat,
744 2079 922 2122 obtinuit,
952 2080 996 2114 de
1030 2091 1100 2125 quo
1121 2083 1323 2118 structurae
1343 2089 1475 2124 genere
1502 2078 1646 2115 dixiad

245 2153 277 2177 c.
301 2142 425 2185 xcm,
450 2142 486 2181 ⁷.
533 2144 760 2189 Quamquam
783 2151 807 2178 a
830 2140 957 2175 scribis
980 2152 1050 2175 non
1073 2140 1255 2174 intellecta
1278 2139 1408 2173 multos
1430 2140 1647 2184 corruptelae

245 2203 379 2250 genuit.
427 2204 520 2239 Nam
549 2215 675 2239 veram
704 2201 919 2253 'cripturam
942 2201 1189 2237 tantummodo
1220 2200 1330 2235 habet
1353 2200 1473 2234 Guelf.
1497 2200 1532 2237 3.
1556 2194 1647 2238 Tur.
1690 2208 1694 2214 “

246 2264 281 2301 1.
304 2264 417 2300 Paris.
443 2277 500 2308 x.;
529 2265 567 2300 in
602 2264 725 2304 multis
758 2273 845 2298 vero
880 2266 932 2298 est
963 2264 1041 2310 qui
1074 2263 1230 2305 uti.etc.‚
1265 2272 1313 2296 ac.
1334 2263 1375 2296 ut
1398 2262 1498 2296 Sulla
1516 2273 1648 2306 prono-

248 2325 343 2362 mine
375 2326 646 2372 significaretur.
694 2325 752 2360 Ex
780 2324 838 2359 his
860 2329 981 2373 autem
1012 2322 1189 2366 nonnulli,
1212 2333 1322 2365 quum
1344 2321 1483 2357 eci-ibae
1504 2332 1648 2357 accusa·-

248 2387 361 2423 tivum
386 2388 506 2422 deesse
530 2387 710 2433 viderent,
743 2398 787 2422 ex
810 2385 1078 2431 interpolatione
1099 2385 1233 2419 habent
1260 2383 1514 2430 exercitum
1545 2393 1649 2431 coge-7

252 2453 329 2492 ret,
355 2448 418 2483 alii
442 2454 583 2494 cogeret
607 2449 887 2490 exercitum,
925 2447 990 2482 alii
1027 2446 1218 2492 auxilia
1241 2448 1400 2491 cogeret,
1423 2441 1487 2477 alii
1510 2443 1658 2496 eogerff

253 2510 462 2551 milites,
493 2509 557 2543 alii
579 2511 758 2545 milites
790 2521 884 2555 cog„
909 2520 951 2543 ex
974 2508 1103 2553 quibua
1135 2504 1343 2550 corruptelis
1371 2514 1477 2547 quam
1499 2503 1652 2547 secundq

254 2571 331 2605 loco
356 2570 537 2615 posuimus
561 2580 583 2603 a
605 2569 742 2604 Weisio
772 2569 809 2603 in
842 2563 975 2604 textum
1005 2571 1147 2612 recepta
1179 2569 1243 2601 est.
1291 2564 1372 2600 Alio
1394 2563 1501 2598 modo
1524 2575 1652 2609 peeca—

253 2637 330 2667 tum
363 2635 415 2666 est
447 2630 484 2665 in
515 2629 636 2664 multia
669 2630 770 2672 aliis,
805 2629 867 2674 qui
898 2629 957 2663 hia
985 2628 1127 2673 quidem
1150 2625 1335 2661 vocabulis
1356 2625 1486 2670 spuriis
1511 2628 1652 2670 vacant,

255 2693 315 2728 aed
341 2703 405 2737 pro
428 2695 514 2738 qnos
536 2691 669 2726 habent
699 2690 813 2736 quod3
845 2700 936 2734 quae
967 2688 1143 2734 scriptura
1162 2699 1271 2731 quum
1295 2691 1356 2722 ant
1389 2698 1474 2722 casn
1495 2689 1574 2721 orta
1595 2685 1652 2728 ait,

256 2757 319 2789 aut
341 2753 438 2789 malo
463 2751 618 2789 acumini
653 2750 880 2787 librariorum
904 2750 1071 2786 debeatur
1088 2775 1099 2794 ,
1133 2740 1192 2794 qui
1215 2752 1416 2794 sequentem
1438 2747 1655 2784 enunciatio-
