1716 2996
229 190 314 231 404
461 150 464 152 ’
604 187 1285 234 c.SALLusT1cR1sr1

231 303 341 348 locis
379 318 433 348 ex
470 305 601 364 copia
635 319 844 353 maxume
878 304 1050 349 idoneis
1086 306 1616 372 vineas1agere5agge-

230 415 327 446 rem
356 402 517 459 iacere,
549 407 594 446 et
623 417 758 463 super
788 417 1007 464 aggerem
1033 401 1251 463 impositis
1282 404 1475 451 turribus
1501 420 1615 467 opus

235 505 280 543 et
325 497 606 543 administros
650 499 793 544 tutari.
876 498 1044 544 Contra
1076 498 1193 546 haec
1231 500 1450 562 oppidani
1490 502 1618 548 festi-

231 659 459 701 Gemonias,
495 659 558 702 qui
588 660 683 695 iubet
715 659 751 694 in
785 662 882 693 textu
913 661 966 693 ed.
999 660 1083 694 mai.
1118 672 1320 705 expressum
1350 662 1388 697 in
1411 663 1617 698 Commentt.
1642 647 1646 649 i

230 733 264 765 p.
286 719 367 755 312.
399 724 491 754 recte
528 721 689 763 damnat,
726 721 846 765 paullo
878 724 955 764 post
985 720 1023 754 in
1052 720 1105 754 ed.
1140 721 1225 756 min.
1259 721 1448 759 lectoribus
1472 723 1617 771 indigno

231 782 336 816 modo
359 781 528 823 illudens,
563 782 724 826 spuriam
754 792 877 816 vocem
899 781 1058 826 repetiit,
1091 793 1198 826 quam
1222 783 1375 820 Weisius
1397 796 1556 829 quoque,
1580 788 1619 820 ut

229 844 321 878 falsa
345 842 483 884 omnia,
507 840 742 886 amplectitur.
790 842 830 876 In
853 841 918 876 tali
941 854 981 876 re
1003 846 1121 877 autem
1145 846 1319 879 narranda
1341 856 1412 880 non
1434 856 1522 890 opus
1544 857 1619 880 esse

227 905 345 939 iubere
377 904 551 944 verbum,
582 901 783 937 monuimus
806 903 852 937 ad
874 915 905 939 c.
934 902 1022 946 mv,
1043 903 1078 941 6.
1102 921 1149 930 —
1171 905 1266 940 Tum
1293 910 1432 951 partem
1454 905 1617 940 codicum

227 966 301 1001 alia
323 965 523 1009 corruptela
545 962 693 1004 invasit;
726 973 810 998 nam
844 963 879 998 in
904 964 1078 1000 nonnullis
1110 964 1297 1008 Glareani,
1321 966 1440 1001 Guell’.
1461 967 1496 1002 2.
1518 967 1616 1002 Laid.

228 1027 266 1063 G.
291 1027 335 1060 G.
359 1027 400 1061 L.
434 1026 506 1059 Eri.
530 1025 650 1058 Berol.
675 1023 710 1058 1.
744 1024 779 1058 2.
814 1025 936 1060 Guelf.
959 1026 993 1060 3.
1021 1037 1068 1060 m.
1092 1018 1147 1070 pr.
1180 1025 1269 1060 Tur.
1293 1025 1327 1062 1.
1349 1038 1398 1062 m.
1420 1018 1489 1064 eec}
1523 1033 1559 1063 et
1580 1028 1616 1063 iu

227 1087 380 1132 quinque
402 1087 495 1121 ltall.
520 1088 601 1119 ante
633 1085 715 1118 locis
740 1085 897 1119 additum
922 1089 975 1121 est
997 1086 1139 1121 duobus.
1186 1087 1289 1131 Quod
1313 1098 1529 1132 quamquam
1552 1100 1618 1135 up·-

225 1151 325 1194 paret
347 1151 493 1193 propter
515 1145 625 1180 verba
649 1155 690 1179 ex
713 1145 813 1189 eopia
835 1146 1004 1181 insertum
1026 1157 1114 1188 esse,
1138 1149 1256 1181 tamen
1279 1148 1424 1183 difficile
1442 1152 1494 1194 est
1511 1148 1618 1191 dicto,

226 1221 290 1244 cur
320 1208 593 1252 interpolatores
626 1205 758 1239 duobus
789 1207 1011 1250 potissimum
1034 1207 1146 1250 locis,
1180 1220 1292 1253 neque
1315 1208 1475 1253 pluribus
1495 1208 1618 1245 vineas

225 1273 322 1306 actas
347 1280 423 1304 esse
456 1267 694 1312 opinarentur.
743 1266 812 1300 Sed
834 1268 914 1301 luce
947 1267 1076 1302 clarius
1107 1272 1159 1303 est
1181 1268 1352 1303 incertum
1373 1269 1529 1313 aliquem
1551 1255 1617 1304 nu-

226 1341 364 1366 merum
397 1328 600 1374 significare
632 1328 743 1361 verba
768 1329 919 1362 maxime
950 1328 1083 1363 idoneis
1107 1328 1221 1363 relata
1245 1330 1290 1363 ad
1314 1329 1490 1373 proximas
1513 1341 1618 1365 voces

226 1402 268 1426 ex
302 1391 423 1435 copia,
455 1399 607 1433 quarum
638 1399 730 1432 quae
758 1387 926 1422 sententia
957 1387 1003 1423 sit
1034 1387 1107 1422 iam
1136 1388 1288 1423 diximus
1319 1390 1365 1424 ad
1397 1401 1430 1425 c.
1461 1391 1556 1433 mv,
1579 1392 1614 1426 9.

225 1453 344 1496 Inepte
367 1455 487 1485 autem
509 1449 688 1494 Langius³
718 1448 898 1491 ‚,duobu⁸,
931 1448 1068 1492 inquit,
1102 1449 1148 1483 ob
1170 1449 1348 1495 sequentia
1371 1461 1413 1484 ea·
1433 1450 1534 1496 copia
1557 1449 1615 1485 vix

227 1511 454 1558 reiiciendum
480 1509 631 1545 videtur.
675 1508 767 1544 Nam
790 1509 880 1544 haec
903 1509 1006 1545 aliter
1029 1509 1200 1554 explicari
1219 1522 1288 1545 uon
1310 1513 1476 1555 possunt,
1499 1521 1542 1545 ac
1572 1522 1614 1546 ex

226 1573 383 1608 omnibus
407 1571 525 1606 locis.“
548 1590 594 1596 —
616 1571 728 1605 Porro
750 1568 993 1604 incredibilem
1015 1581 1092 1605 rem
1114 1569 1322 1606 Sallustium
1342 1561 1543 1606 nauantem
1565 1571 1614 1606 se-

225 1637 347 1669 cerunt
369 1631 530 1675 librarii,
554 1636 634 1676 post
655 1632 778 1666 vineas
801 1641 911 1676 agere
933 1630 1123 1666 inferentes
1143 1643 1312 1678 superque
1334 1642 1421 1674 eas,
1436 1631 1531 1676 quod
1551 1632 1615 1667 ab·

224 1694 370 1729 surdum
394 1704 469 1727 esse
492 1695 528 1727 et
543 1703 600 1726 res
617 1691 696 1736 ipsa
718 1691 859 1733 clamat,
884 1702 919 1725 ec
941 1691 1100 1736 plerique
1123 1703 1242 1728 omnes
1265 1692 1416 1728 editores
1438 1703 1501 1736 pro
1519 1697 1615 1728 certo

225 1756 369 1790 hubent.
426 1754 612 1795 Glossam,
644 1763 751 1796 quam
782 1751 879 1784 haud
917 1751 1023 1785 dubie
1054 1752 1253 1796 proximum
1282 1764 1404 1798 super,
1438 1754 1496 1788 vel
1533 1754 1613 1789 loco

225 1820 389 1858 motum,
414 1814 473 1847 vel
501 1812 621 1847 versui
651 1811 945 1856 superscriptum,
977 1812 1127 1856 genuit,
1157 1814 1306 1858 produnt
1335 1814 1442 1848 etiam
1479 1815 1614 1849 multae

226 1875 502 1920 discrepantiae3
536 1883 618 1907 nam
650 1884 714 1916 pro
745 1882 913 1917 superque
948 1883 1010 1906 eas
1040 1872 1076 1908 in
1110 1874 1228 1909 Guell'.
1261 1875 1294 1909 1.
1326 1879 1362 1909 et
1391 1874 1468 1911 vin.
1493 1875 1528 1910 1.
1561 1880 1614 1910 est

227 1948 331 1982 super
361 1922 510 1980 easque,
538 1933 575 1969 in
610 1933 727 1968 Guelf.
759 1933 795 1969 6.
826 1944 930 1979 super·
961 1943 1036 1976 eos,
1068 1932 1106 1967 in
1135 1934 1232 1969 Laid.
1257 1935 1308 1971 M.
1342 1945 1447 1980 super
1471 1945 1552 1977 eas,
1575 1934 1612 1969 in

225 1999 352 2032 Heuss.
375 2001 411 2031 et
432 1995 513 2030 Seu.
537 1995 573 2030 2.
603 2005 794 2041 supermae,-
824 1998 947 2030 contra
976 1993 1014 2028 in
1045 1994 1187 2030 Fabric.
1213 1995 1247 2029 2.
1271 1996 1395 2030 desunt
1425 1996 1536 2030 verba
1555 1996 1612 2030 ia-

227 2068 302 2092 cere
335 2061 370 2090 et
402 2066 507 2101 super
537 2068 732 2103 aggerem,
771 2056 808 2090 in
841 2056 960 2090 Venet.
993 2053 1026 2088 4.
1061 2060 1095 2090 et
1124 2067 1226 2102 super
1257 2067 1449 2103 aggerem,
1481 2055 1519 2091 in
1542 2050 1612 2092 uno

226 2115 385 2152 Putschii
417 2127 521 2162 super
553 2121 635 2151 ante
667 2127 862 2162 aggerem3
893 2115 930 2150 in
961 2115 1082 2150 Berol.
1116 2117 1149 2150 1.
1181 2120 1299 2151 autem
1331 2127 1395 2161 pro
1425 2117 1540 2152 iacere
1569 2121 1611 2151 et

225 2191 274 2213 eu
280 2188 361 2222 per
383 2188 554 2222 aggerem
579 2177 709 2223 legitur
732 2178 847 2211 iacere
870 2187 1095 2222 superque
1120 2189 1222 2223 agg„
1255 2178 1382 2222 quibus
1403 2172 1612 2222 corruptelis

225 2239 316 2274 inter
350 2250 390 2273 se
422 2238 575 2273 confusis
600 2243 636 2273 et
669 2237 829 2272 conflatis
860 2237 967 2272 facile
988 2236 1220 2284 intelligitur,
1252 2238 1428 2283 quomodo
1454 2237 1611 2284 vulgaris

224 2299 384 2333 codicum
415 2298 587 2342 scriptura
618 2298 704 2334 oriri
738 2298 900 2344 potuerit.
947 2297 1108 2333 Sallustii
1130 2308 1274 2333 manum
1306 2298 1610 2344 paeneintegram

224 2359 319 2394 solus
341 2359 497 2394 servavit
515 2359 627 2394 Vatic.
650 2361 685 2396 3.
709 2370 732 2394 a
758 2371 828 2404 quo
849 2371 955 2394 voces
976 2371 1145 2405 superque
1169 2371 1230 2394 eae
1251 2359 1354 2404 plane
1376 2359 1520 2398 absunt,
1542 2358 1609 2392 uisi

224 2419 316 2463 quod
339 2429 404 2462 pro
427 2430 462 2452 υ.
496 2430 625 2465 agere,
660 2431 833 2466 aggerem
856 2421 881 2455 i.
915 2421 1025 2455 habet
1055 2431 1090 2457 v.
1112 2432 1222 2467 agere
1253 2425 1296 2455 et
1318 2408 1408 2466 agg.
1431 2419 1457 2454 i.
1504 2419 1607 2462 Quod

225 2476 439 2514 Gerlachius
465 2484 584 2514 autem
608 2485 751 2524 propter
772 2480 894 2514 Venet.
918 2479 952 2514 4.
984 2482 1236 2516 totum¹locnm
1259 2479 1310 2514 sic
1331 2478 1608 2514 constituendum

225 2543 359 2575 censetz
393 2539 475 2574 dein
499 2540 597 2581 locis,
631 2552 673 2574 es:
703 2542 805 2586 copia
827 2552 987 2575 maxume
1009 2541 1163 2583 idoneis,
1197 2540 1317 2574 vineas
1338 2549 1470 2584 agere,
1495 2550 1608 2584 agge-

225 2612 297 2635 rem
330 2601 465 2642 iacere,
497 2601 666 2644 impositis
699 2603 852 2636 turribus
884 2612 968 2645 opas
1000 2601 1173 2634 ministros
1207 2598 1337 2641 tutari,
1369 2598 1507 2634 omissis
1537 2610 1606 2635 non

224 2661 337 2694 solum
359 2659 487 2705 spuriis
508 2661 626 2694 verbis
647 2673 816 2707 superque
840 2673 920 2704 eas,
948 2661 1007 2695 sed
1030 2659 1140 2696 etiam
1163 2664 1197 2695 et
1219 2670 1322 2703 super
1344 2670 1534 2706 aggerem,
1550 2708 1552 2710 Ι
1568 2659 1606 2694 id

222 2724 277 2754 est
301 2719 386 2755 satis
417 2723 514 2755 certa
537 2723 669 2755 temere
699 2722 736 2756 in
766 2722 998 2766 suspicionem
1030 2731 1168 2756 vocare.
1214 2718 1366 2756 Affuiese
1396 2725 1516 2756 autem
1537 2720 1605 2755 ista

223 2779 332 2814 verba
365 2780 527 2828 primitus
551 2780 593 2815 'in
623 2785 805 2824 contextu,
838 2782 934 2825 ipsae
964 2780 1228 2825 depravationes
1257 2790 1367 2824 supra
1388 2780 1520 2815 allatae
1540 2778 1604 2814 do-
