1702 2982
224 185 283 249 qs
589 182 637 226 c„
667 181 1013 226 SALLnsrl
1042 181 1272 228 cmsrl
1339 207 1341 209 ψ

190 297 340 344 5fides
383 314 522 360 quam
575 301 770 362 pecunia
814 299 912 345 fuit.
991 299 1045 345 In
1089 298 1306 345 divisione
1355 315 1472 360 quae
1518 317 1625 362 pars

222 483 255 516 p.
279 471 361 507 595.
383 472 462 519 lug.
487 472 568 516 XX,
591 470 654 515 5.‚·
676 473 747 509 tale
768 475 822 509 est
841 475 962 509 autem
982 473 1162 508 inimicum
1180 473 1441 509 accuratissime
1461 475 1626 521 recipere,

221 533 316 577 quod
347 544 370 568 a
402 536 531 569 natura
565 533 702 581 ingenii
731 535 882 570 humaui
918 534 1099 570 abhorret.
1151 534 1338 570 Postremo
1375 533 1406 570 si
1438 529 1629 572 Sallustius

223 593 408 638 Opimium
437 595 633 640 Iugurthae
662 595 819 631 amicum
849 594 960 630 fuisse
991 595 1161 630 voluisset
1198 594 1339 639 dicere,
1371 606 1440 631 uon
1477 596 1629 633 debebat

223 654 274 689 ita
297 654 417 699 loqui,
444 659 482 690 ut
504 655 541 689 in
563 657 714 701 vulgata
746 659 821 699 est,
854 656 915 691 sed
937 656 1013 692 sic:
1046 667 1126 691 eum
1148 655 1231 702 Ing.
1275 667 1409 702 qaam
1437 656 1530 691 iam
1553 657 1627 692 Ro-

222 727 302 751 mae
325 717 364 751 in
387 716 508 750 amicis
531 716 555 750 Ιι
569 717 807 760 abcissa,
831 722 988 753 accurat.
1011 718 1154 762 recepit.
1201 717 1304 762 Quae
1326 727 1436 762 quum
1461 717 1513 752 ita
1543 717 1627 764 sint,

222 789 292 811 non
315 777 466 812 dubium
489 780 541 812 est
567 777 652 822 quin
676 778 780 812 unice
802 789 928 813 verum
954 777 1002 814 sit
1024 778 1063 813 in
1085 779 1236 814 inimicis
1251 804 1263 822 ‚
1287 789 1395 826 quam
1417 779 1628 824 scripturam

222 838 398 883 integram
421 837 580 873 servavit
602 839 679 873 cod.
705 839 915 874 Commelin.
961 839 1128 874 Proxime
1150 840 1285 874 accedit
1308 840 1385 874 Vin.
1408 840 1442 875 2.
1467 841 1627 884 inimicis,

221 898 296 933 sine
328 900 388 942 in,
422 899 519 943 quod
549 900 731 935 absorberi
762 900 890 945 potuit.
946 901 1076 936 Paullo
1106 901 1334 945 depravatior
1369 905 1422 936 est
1451 902 1628 947 scriptura

221 961 337 996 Palat.
363 960 399 995 7.
425 961 601 1002 inimicos,
631 961 724 994 unde
756 961 955 996 Gronovius
989 961 1034 996 ad
1058 973 1199 996 sensum
1231 962 1316 996 satis
1339 963 1428 997 bene
1452 963 1537 998 fecit
1558 964 1627 998 ἱπό-

221 1023 361 1057 micum.
380 1041 427 1046 —
453 1021 682 1057 Pollio-stando
707 1023 952 1056 tantummodo
975 1025 1092 1057 tenent
1123 1021 1230 1058 Fabr.
1253 1022 1288 1056 1.
1311 1022 1425 1057 Paris.
1450 1035 1482 1058 z.
1504 1023 1628 1061 Berol.

222 1082 254 1116 1.
279 1082 398 1117 Mark.
426 1084 469 1117 Γ.
494 1081 570 1117 Vin.
595 1081 628 1115 2.
653 1083 723 1116 Ino.
747 1082 780 1116 1.
806 1082 930 1118 StruV.
956 1083 1074 1117 Guelf.
1099 1082 1135 1116 7.
1161 1082 1218 1117 12.
1256 1082 1333 1118 Erl.
1358 1085 1452 1130 Teg.
1475 1085 1566 1120 Tur.
1591 1086 1627 1122 1.

175 1152 178 1153 ’
220 1154 270 1178 m.
294 1154 384 1184 sec.;
409 1143 446 1177 in
468 1143 610 1177 relicuis
635 1146 687 1177 est
706 1143 921 1188 pollicendo,
946 1143 1038 1188 quod
1062 1142 1178 1178 minus
1201 1143 1423 1188 probandum
1446 1157 1523 1181 esse
1536 1146 1628 1181 dixi-

221 1215 299 1238 mus
322 1203 469 1240 afflat.
493 1205 688 1246 XXXVIII
713 1204 747 1240 1.
783 1216 818 1249 p.
844 1204 926 1240 177.
957 1206 1036 1250 Iug.
1071 1204 1176 1248 VIII,
1202 1205 1236 1238 1.
1259 1222 1306 1229 --
1343 1206 1464 1242 Multa
1486 1207 1630 1244 Cottius
1691 1238 1701 1247 .

221 1265 324 1300 unius
350 1265 477 1300 Franc.
500 1265 570 1299 fide
593 1265 748 1300 delevit.

307 1327 437 1371 sama,
452 1327 545 1371 fide]
571 1326 624 1361 Ita
640 1326 780 1371 scripsit
804 1326 1002 1360 Cottiusex
1024 1325 1152 1360 Nazar.
1169 1325 1344 1360 Commcl.
1367 1328 1451 1366 Bas.
1467 1328 1501 1364 l.
1517 1329 1626 1367 Fabr.

220 1386 253 1421 1.
280 1387 316 1422 2.
341 1387 468 1432 quibus
492 1387 663 1422 accedunt
681 1386 811 1421 Wassii
828 1387 871 1420 B.
895 1386 1001 1421 Publ.
1024 1386 1237 1420 Pembroch.
1262 1386 1355 1433 Teg.
1381 1389 1502 1425 Turio.
1517 1391 1624 1426 Bem.

219 1447 256 1482 3.
282 1448 400 1485 Paris.x
416 1449 453 1483 b.
478 1459 510 1482 c.
539 1459 574 1482 x.
609 1460 640 1483 z.
679 1447 869 1482 Einsiedel.
916 1447 973 1481 Ex
991 1447 1135 1482 -ceteris
1165 1447 1301 1491 aliquot
1329 1450 1461 1485 habent
1483 1454 1623 1496 famae,

213 1509 309 1552 fide,
332 1509 492 1553 plerique
512 1511 632 1542 autem
649 1510 796 1552 famae,
811 1507 926 1552 fidei,
949 1507 1044 1552 quod
1066 1508 1302 1553 Havercamp.
1330 1510 1437 1556 Bipp.
1460 1513 1620 1558 Langius

219 1573 255 1604 et
281 1570 476 1604 Muellerus
500 1568 539 1603 in
561 1571 659 1603 textu
683 1572 935 1612 expresserunt.
983 1567 1054 1603 Sed
1075 1569 1252 1604 ablativus
1274 1573 1314 1605 ιιι
1335 1570 1540 1607 verissimus
1559 1575 1625 1612 est,

219 1630 271 1665 ita
294 1642 376 1664 eum
408 1629 501 1665 alius
522 1628 596 1664 alio
630 1628 731 1673 peius
754 1629 960 1674 explicavit.
1006 1629 1147 1664 eortius
1180 1629 1275 1665 euim
1307 1642 1417 1675 quum
1439 1632 1555 1678 primo
1577 1633 1625 1669 de
1699 1678 1702 1683 Α

218 1691 365 1736 antiquo
387 1691 508 1726 dativo
525 1693 633 1735 fama
658 1691 885 1733 somniasset,
908 1690 1043 1726 scilicet
1065 1703 1108 1725 ex
1125 1692 1248 1735 samaz'
1270 1692 1450 1729 decurtato
1464 1718 1476 1737 ‚
1499 1698 1540 1730 ut
1557 1706 1625 1731 m

218 1753 357 1788 factum
394 1763 436 1786 ex
469 1752 549 1786 usui
563 1777 573 1793 ‚
606 1754 746 1795 postea,
785 1751 842 1785 his
873 1751 980 1797 nugis
1006 1751 1176 1793 abiectis,
1209 1752 1409 1788 ablativum
1442 1753 1479 1789 vi
1511 1755 1624 1791 dativi

218 1813 372 1858 positum
395 1816 531 1854 censet,
561 1811 788 1848 alienissimis
819 1813 990 1857 exemplis
1016 1824 1120 1854 usus,
1154 1813 1253 1848 velut
1288 1814 1364 1849 Cat.
1388 1815 1435 1858 II,
1457 1814 1493 1850 9.
1525 1828 1550 1851 a
1566 1817 1623 1852 1³·-

217 1885 298 1919 qao
338 1874 532 1920 negotio
574 1873 809 1915 intentus,
846 1874 908 1908 ubi
940 1885 974 1908 v.
1007 1884 1101 1918 quae
1133 1873 1314 1916 diximum
1345 1875 1418 1910 Cic.
1455 1877 1550 1922 Epp.
1574 1878 1621 1913 ad

217 1935 322 1970 Attio.
348 1936 391 1978 X,
413 1935 473 1976 18,
495 1934 544 1970 iu.
575 1934 851 1978 tranquillitates
881 1935 1060 1969 maiore
1094 1935 1431 1980 impedimento
1457 1940 1620 1981 fuerant,

216 2008 322 2042 quam
346 1997 543 2038 custodiae,
568 2006 640 2039 qua
663 1995 805 2029 variata
827 1999 1004 2030 structura
1027 1995 1118 2030 nihil
1141 2001 1195 2031 cst
1218 1996 1353 2039 tritius3
1386 1997 1502 2032 Tacit.
1526 1998 1618 2033 Anu.

216 2058 278 2100 III,
302 2057 359 2099 19,
383 2057 418 2093 2.
442 2058 472 2091 is
486 2058 576 2101 finis
592 2057 669 2101 suit
692 2057 969 2091 ulciscenda
995 2057 1198 2091 Germanici
1220 2061 1386 2100 morte,
1425 2057 1486 2102 qui
1509 2059 1620 2102 locus,

214 2118 323 2154 nostri
361 2129 405 2154 eo
439 2122 574 2154 tantum
607 2118 732 2153 similis
750 2143 759 2161 ,
790 2117 883 2161 quod
913 2116 1032 2151 dativo
1064 2118 1179 2162 posito
1205 2121 1403 2153 structurae
1434 2119 1620 2156 insolentia

215 2179 353 2214 tollitur
369 2203 380 2222 ‚
413 2179 520 2214 etiam
556 2180 766 2214 Kunhardto
789 2177 987 2212 ablativum
1010 2179 1168 2213 stabilire
1194 2179 1343 2214 videtur.
1390 2180 1504 2214 Aliter
1524 2181 1618 2215 Ger-

215 2242 352 2276 lachius
373 2241 667 2276 constructionem
700 2239 878 2284 explicare
901 2242 1048 2273 conatus
1073 2245 1143 2283 est,
1174 2240 1236 2285 qui
1258 2251 1393 2286 „quum
1418 2240 1540 2275 multis
1562 2242 1619 2275 lo-

215 2302 282 2343 cis,
308 2302 442 2346 inquit,
468 2302 514 2336 ad
538 2301 713 2346 liquidum
739 2301 883 2346 perduci
906 2312 975 2336 uon
998 2301 1135 2345 possit,
1161 2301 1285 2337 tertius
1307 2305 1492 2341 aussextus
1514 2310 1618 2337 casus

213 2363 300 2397 huic
324 2364 431 2398 verbo
464 2363 632 2409 iungatur
649 2389 659 2407 ,
694 2367 771 2398 tum
802 2363 893 2397 haec
922 2366 1098 2398 structura
1129 2374 1172 2398 eo
1196 2361 1337 2397 defendi
1359 2366 1495 2408 potest,
1522 2363 1617 2407 quoti

215 2435 256 2459 ex
291 2425 430 2459 Graeco
452 2423 524 2468 πρὸ
566 2423 722 2460 πάντων
746 2424 945 2460 ποιεῖσθαί
966 2436 1023 2466 τι,
1047 2423 1120 2469 πρὸ
1145 2424 1300 2461 πάντων
1321 2421 1469 2459 ἑλέσθαι
1492 2435 1530 2458 τι
1553 2433 1616 2457 ex-

214 2496 336 2529 pressa
359 2495 432 2519 esse
455 2485 613 2529 videtur,
627 2488 652 2506 ‘⁶
677 2498 748 2530 quo
771 2485 831 2519 vix
854 2484 1044 2529 quicquam
1068 2484 1221 2530 ineptius
1243 2483 1395 2530 cogitari
1424 2486 1485 2520 aut
1506 2483 1614 2518 scribi

213 2546 339 2590 potuit.
387 2546 508 2590 Neque
535 2546 604 2580 sibi
636 2546 792 2581 constitit
825 2547 866 2580 V.
890 2546 954 2587 1).‚
982 2545 1020 2579 in
1050 2546 1106 2579 ed.
1139 2545 1330 2580 novissima
1357 2546 1511 2588 famae,
1534 2543 1614 2587 fide

213 2608 378 2643 scribens.
425 2609 556 2642 Verum
581 2607 758 2651 perspexit
783 2607 915 2652 Geor-g.
947 2606 1086 2641 Ludov.
1114 2606 1253 2640 Walch.
1279 2605 1315 2639 in
1339 2603 1510 2638 Emcudd.
1533 2603 1613 2648 Liv.

214 2680 243 2702 c.
269 2670 329 2703 III.
354 2680 388 2713 p.
411 2668 481 2711 52„
505 2667 566 2712 qui
599 2679 707 2712 quum
743 2668 781 2702 in
814 2670 991 2711 anteferre
1023 2666 1133 2700 verbo
1167 2665 1399 2710 comparativi
1433 2663 1613 2699 notionem

155 2739 163 2743 ’·
212 2729 325 2764 inesse
356 2729 521 2773 vidisset,
557 2729 754 2764 ablativum
787 2740 855 2763 non
886 2728 958 2763 alia
1002 2727 1136 2762 ratione
1174 2727 1325 2771 pos-itum
1356 2737 1431 2760 esse
1461 2725 1610 2767 monuit,

213 2801 320 2837 quam
351 2801 442 2835 quae
474 2789 717 2836 comparativo
750 2789 915 2825 adiectivi
948 2799 1157 2834 praegresso
1189 2787 1342 2829 obtinet,
1373 2791 1409 2822 et
1440 2785 1611 2830 primaria
