1716 2996
231 180 316 222 484
434 168 438 171 “
606 174 652 217 C.
683 174 1026 218 SALLUSTI
1064 175 1290 220 CRISPI

234 294 343 339 dum
370 293 591 349 attribuit,
627 294 685 340 A.
722 292 944 338 Manlium
979 293 1180 354 legatum
1229 309 1332 344 cum
1367 294 1626 340 cohortibus

237 391 454 454 expeditis
491 389 550 434 ad
586 389 809 450 oppidum
839 391 984 448 Laris,
1020 390 1098 434 ubi
1121 391 1392 451 stipendium
1428 398 1474 436 et
1503 408 1628 438 com-

236 495 434 535 meatum
470 489 710 544 locaverat,
747 488 812 532 ire
847 488 987 545 iubet,
1023 487 1221 547 dicitque
1261 504 1309 534 se
1343 488 1631 550 praedabun-

239 587 349 632 dum
396 591 504 647 post
550 598 724 645 paucos
769 584 863 628 dies
909 584 1074 630 eodem
1121 592 1368 669 venturum.
1441 585 1518 631 Sic
1561 572 1633 631 in-

240 689 375 745 cepto
412 698 494 728 suo
531 682 757 727 occultato
792 682 946 743 pergit
978 682 1038 726 ad
1072 682 1240 727 flumen
1274 683 1467 731 Tanam.

379 779 499 826 XCI.
574 779 788 825 Ceterum
831 780 876 824 in
920 780 1076 824 itinere
1122 779 1285 824 cotidie
1332 794 1471 839 pecus
1507 795 1637 845 exer-—

241 948 416 985 Donatist.
442 948 502 990 vl,
526 946 585 982 28.
611 948 728 982 forma
764 947 914 982 Laribus
937 947 1148 985 inveniatur.
1180 948 1232 983 De
1257 947 1352 982 urbis
1374 947 1443 983 situ
1466 945 1514 983 cf.
1536 948 1638 982 Man-

241 1011 332 1046 nerti
365 1011 499 1056 Geogr.
533 1010 664 1046 Graec.
694 1012 729 1044 et
760 1010 870 1044 Rom.
901 1009 1008 1044 Tom.
1043 1010 1088 1044 X.
1112 1009 1154 1043 P.
1178 1009 1223 1043 11.
1248 1020 1285 1053 p.
1306 1007 1388 1043 332.
1435 1009 1639 1044 Accusativi

241 1071 445 1108 terminatio
467 1071 503 1105 in
527 1071 559 1104 is
582 1071 620 1103 h.
644 1070 667 1104 1.
691 1070 824 1107 intacta
847 1071 1061 1116 permansit,
1084 1069 1177 1115 quod
1200 1069 1421 1115 ignorantiae
1446 1069 1640 1105 scribarum

242 1134 410 1173 debetur3
443 1143 478 1166 v,
503 1130 548 1166 ad
571 1131 648 1166 Cat.
673 1132 710 1173 1,
735 1132 770 1166 l.
802 1152 849 1158 —
883 1134 1062 1178 Dicitque,
1098 1131 1191 1175 quod
1219 1141 1339 1165 omnes
1369 1131 1485 1174 codd.‚
1506 1142 1550 1165 ne
1573 1142 1642 1165 uno
1707 1155 1714 1162 x

245 1194 388 1240 quidem
421 1195 568 1238 excepto
582 1217 592 1236 ,
633 1196 771 1235 tenent,
806 1193 968 1235 Cortius,
998 1192 1202 1227 futilissima
1223 1192 1525 1237 argumentatione
1545 1203 1640 1236 usus,

244 1261 414 1301 tanquam
442 1252 602 1299 spurium
633 1252 763 1290 omisit.
810 1253 1022 1288 Gerlachius
1057 1254 1095 1288 in
1127 1257 1278 1297 utraque
1309 1253 1463 1288 editione
1484 1253 1641 1296 retinuit,
1692 1286 1699 1291 ,

244 1317 307 1354 ned
332 1316 369 1352 in
393 1316 606 1351 Commentt.
639 1326 675 1358 p.
697 1314 781 1349 321.
804 1314 895 1349 haec
917 1313 1074 1359 scripsit:
1107 1315 1199 1358 „Vel
1226 1314 1389 1349 omuibus
1421 1314 1521 1350 codd.
1549 1314 1644 1349 invi-

247 1378 292 1415 tis
315 1377 386 1423 (ἱ)
409 1376 481 1410 hoc
506 1376 655 1410 verbum
678 1375 881 1410 deleverim.
927 1375 1096 1421 Inprimis
1117 1375 1210 1411 enim
1233 1376 1299 1410 sub
1322 1376 1428 1410 finem
1450 1376 1644 1421 Iugurthae

247 1444 300 1475 est
323 1437 546 1484 perspicuum
570 1435 667 1481 (Ρ),
694 1437 808 1471 multa
830 1435 1003 1471 eiusmodi
1025 1436 1102 1482 (ἓ)
1118 1474 1120 1477 ,
1135 1447 1158 1472 a
1189 1435 1364 1471 Sallustio
1387 1435 1519 1471 omissa
1539 1440 1575 1471 et
1597 1437 1643 1471 ab

247 1501 389 1537 insulsis
411 1496 655 1547 grammaticis
678 1500 800 1541 postea
823 1496 939 1531 alieno
962 1497 1041 1532 loco
1064 1497 1275 1542 interposita
1298 1508 1384 1532 esse.
1425 1500 1521 1532 recte
1546 1497 1641 1532 Cort.

248 1563 386 1602 confert
408 1560 504 1595 infra
530 1569 608 1602 cap.
633 1557 715 1594 109.
739 1558 903 1602 quamvis
926 1570 996 1594 non
1019 1557 1248 1604 negaverim,
1280 1558 1394 1593 multa
1417 1568 1508 1602 quae
1530 1557 1567 1592 in
1589 1568 1645 1592 se—

247 1621 503 1667 :iouh-120)
538 1617 701 1654 Sallustii
737 1617 878 1665 scriptis
911 1623 1118 1664 occurrunt,
1148 1619 1185 1654 in
1221 1606 1342 1664 prim-iz
1373 1618 1446 1663 (ἓ)
1479 1619 1548 1653 ιἰοιι
1571 1630 1665 1666 ωε,

249 1684 444 1721 inferenda.
469 1681 549 1717 fieri
572 1679 667 1715 enim
689 1680 815 1725 potuit,
840 1685 879 1717 ut
894 1682 1100 1722 ,labentibus
1121 1680 1221 1715 annis
1247 1679 1320 1725 (Ρ)
1344 1680 1465 1714 durior
1485 1680 1559 1714 ciue
1582 1680 1646 1714 fie-

250 1750 305 1782 ret
329 1743 521 1781 oratio.⁴‘!!
554 1742 596 1777 Iu
637 1741 765 1786 quibus
796 1740 915 1776 verbis
946 1740 977 1776 si
1011 1740 1089 1784 quis
1116 1736 1252 1776 tantam
1272 1741 1394 1775 iudicii
1416 1741 1647 1777 subtilitatem

251 1812 457 1851 tantumque
480 1815 629 1840 acumen
652 1803 766 1838 inesse
787 1802 903 1847 dicat,
929 1805 968 1838 ut
986 1804 1156 1847 quantum
1178 1802 1215 1836 id
1238 1802 1304 1845 sit,
1337 1813 1407 1837 uon
1431 1802 1542 1847 possit
1564 1803 1645 1846 dici,

252 1881 310 1904 me
341 1880 411 1904 non
449 1866 597 1901 habebit
626 1865 883 1910 refragantem.
916 1883 959 1888 —
997 1864 1178 1899 occultato
1210 1875 1331 1898 omnes
1361 1863 1462 1898 codd.
1492 1864 1647 1905 habent,

252 1934 397 1976 praeter
430 1928 552 1964 Guelf.
584 1926 619 1962 3.
651 1925 686 1963 6.
711 1926 768 1963 12.
802 1928 837 1961 et
870 1925 1018 1961 Eccard.
1053 1924 1091 1959 in
1126 1924 1254 1970 quibus
1283 1927 1335 1960 est
1365 1925 1496 1960 occulto
1510 1949 1523 1968 ,
1555 1925 1648 1970 quod

252 1991 394 2027 Cottius
415 1989 559 2035 recepit.
1585 2013 1597 2020 ,

346 2051 438 2086 XCI.
462 2053 496 2094 §.
520 2050 555 2085 1.
603 2048 745 2094 cotidie]
770 2048 872 2083 Hane
894 2047 1107 2092 scripturam
1130 2048 1328 2093 complures
1348 2049 1532 2083 servarunt
1553 2047 1648 2089 libri,

255 2116 295 2148 ut
325 2114 410 2148 Bas.
444 2112 480 2147 1.
513 2111 604 2146 Tur.
635 2109 670 2145 1.
706 2110 798 2156 Teg.
833 2109 940 2146 Ber-n.
966 2108 1000 2143 3.
1040 2108 1153 2144 Paris.
1185 2120 1216 2143 z.
1250 2108 1395 2151 Goerl.;
1428 2120 1463 2144 v.
1495 2109 1541 2144 ad
1570 2109 1648 2145 Cat.

255 2173 413 2217 XLVIII,
436 2173 472 2208 2.
496 2191 543 2198 —
565 2173 619 2206 no
643 2172 768 2207 turmis
791 2174 827 2206 et
848 2171 1013 2206 centuriis
1035 2182 1070 2205 v.
1093 2170 1140 2206 ad
1162 2181 1194 2206 c.
1217 2169 1341 2214 XLIX,
1366 2168 1400 2204 2.
1447 2169 1651 2215 Aequaliter
1706 2206 1711 2210 ,

257 2238 376 2270 autem
406 2235 444 2268 h.
470 2234 494 2270 l.
526 2245 596 2268 non
625 2235 678 2268 est
705 2233 853 2279 paribus
882 2232 1062 2277 partibus,
1097 2230 1159 2266 sed
1189 2230 1284 2266 iusta
1307 2229 1443 2265 ratione
1471 2230 1651 2275 utriusque

258 2295 396 2331 numeri
424 2295 576 2336 habita3
608 2305 692 2329 uam
724 2297 843 2329 turma
869 2293 1018 2340 triginta
1040 2296 1178 2329 tantum
1200 2291 1333 2337 equites
1353 2291 1522 2334 habebat,
1546 2302 1580 2326 v.
1603 2291 1649 2325 ad

259 2369 291 2392 c.
315 2357 510 2399 xxxvnl,
533 2356 569 2392 6.
591 2374 639 2381 —
665 2356 899 2391 Distribucrat
931 2355 1071 2390 Cortius
1101 2352 1322 2398 „mutatione
1353 2355 1553 2396 temporum*
1571 2350 1650 2385 Sal-

258 2417 363 2452 lustio
385 2416 492 2461 longe
516 2415 779 2451 usitatissima“
810 2427 876 2462 pro
898 2415 1108 2461 imperfecto
1128 2414 1259 2449 dictum
1290 2416 1421 2455 censet,
1443 2411 1651 2447 asamtiente

260 2477 419 2523 [augin
441 2477 786 2522 plusquamperfecto
808 2476 916 2512 etiam
941 2476 1094 2511 offensus
1109 2476 1300 2510 Muellerus
1321 2484 1392 2508 non
1411 2472 1564 2507 multum
1586 2473 1652 2508 ab·

262 2542 315 2575 est
336 2537 421 2583 quin
442 2537 568 2582 probet
590 2538 807 2579 distribuere,
831 2537 924 2582 quod
948 2541 1000 2572 est
1021 2536 1059 2570 in
1083 2536 1203 2571 Guelf.
1225 2534 1261 2569 3.
1306 2532 1375 2568 Sed
1398 2533 1543 2579 propria
1565 2544 1650 2568 eon-

261 2603 330 2636 etat
353 2597 692 2644 plusquamperfecti
721 2597 802 2640 vis3
834 2608 917 2632 nam
951 2595 1174 2639 distributio,
1204 2594 1331 2630 cotidie
1352 2594 1528 2637 instituta,
1550 2594 1652 2641 eogi-

263 2664 357 2696 tatur
380 2665 464 2696 ante
487 2659 602 2701 facta,
627 2669 734 2702 quam
755 2661 791 2692 et
813 2661 938 2699 cotem
955 2656 1117 2702 negotia,
1141 2660 1178 2692 et
1202 2656 1334 2691 utrium
1355 2656 1528 2692 confectio
1548 2667 1651 2701 pera-

262 2724 441 2769 gerentur.
486 2718 651 2764 Apertior
672 2719 762 2753 haec
785 2717 953 2762 temporIs
974 2716 1066 2752 ratio
1089 2717 1200 2762 foret,
1222 2717 1254 2752 ai
1276 2721 1399 2752 auctor
1420 2717 1471 2752 ita
1493 2716 1652 2752 dixisset:

263 2794 305 2817 ex
328 2782 434 2820 coriis
455 2790 647 2826 pecorum,
668 2790 760 2825 quae
781 2777 909 2814 cotidie
933 2778 1182 2820 distribuerat,
1213 2781 1308 2813 utres
1328 2777 1380 2813 uti
1404 2777 1527 2813 flerat
1548 2787 1647 2812 eara-
