1716 2996
163 184 257 225 22⁰
550 182 597 233 G.
627 181 970 228 SALLUSTI
1000 185 1225 230 CRISPI

174 298 461 353 confirmare3
502 280 734 360 trepidare
764 302 967 347 omnibus
994 303 1126 357 locis;
1176 304 1240 348 vis
1270 318 1436 365 magna
1470 304 1560 348 ho-

174 394 320 455 stium,
355 396 531 440 coelum
560 403 695 442 nocte
720 403 855 458 atque
883 400 1074 446 nubibus
1102 401 1404 460 obscuratum,
1437 402 1564 461 peri-

177 493 327 538 culum
373 509 567 555 anceps;
620 501 851 556 postremo
896 496 1060 557 fugere
1103 513 1160 542 an
1202 513 1386 543 manere
1429 499 1561 543 tutius

137 588 296 635 fiforet
338 591 383 635 in
427 591 597 636 incerto
643 599 751 637 erat.
833 592 929 637 Sed
980 609 1036 638 ex
1079 609 1134 639 eo
1180 610 1391 652 numero,
1448 609 1561 654 quos

174 688 329 749 paullo
364 693 466 732 ante
503 694 739 748 corruptos
777 689 990 748 diximus,
1027 690 1190 736 cohors
1224 707 1312 737 una
1339 691 1563 752 Ligurum

175 801 278 831 cum
307 784 480 829 duabus
506 785 659 831 turmis
686 785 920 831 Thracum
957 795 1001 832 et
1033 789 1188 849 paucis
1222 788 1441 850 gregariis
1474 787 1571 831 mia·

174 884 324 928 litibus
369 884 583 928 transiere
631 882 690 928 ad
733 898 914 945 regem,
970 890 1014 929 et
1059 886 1259 929 centurio
1303 885 1438 946 primi
1483 884 1562 944 pili

170 1018 227 1054 Ins
250 1015 438 1052 nectendue
456 1017 650 1062 negligens.
698 1017 818 1062 Quum
845 1018 957 1064 igitur
985 1019 1100 1054 dicere
1130 1019 1306 1054 debuisset
1327 1030 1462 1064 eoque
1486 1029 1562 1063 per.

173 1091 250 1114 auc.
268 1079 390 1122 fuit,
413 1077 546 1112 omissa
567 1077 743 1122 particula
764 1079 813 1122 id,
839 1080 931 1124 quod
954 1080 1208 1114 consectarium
1230 1079 1312 1120 fuit,
1336 1071 1463 1113 eodem
1480 1077 1564 1113 loco

173 1139 285 1185 ponit,
306 1150 375 1183 quo
398 1139 435 1173 id
458 1138 723 1181 enunciaverat,
746 1140 839 1184 quod
863 1151 1023 1175 caussam
1045 1141 1192 1176 alterius
1213 1139 1378 1175 continet.

266 1201 301 1246 §.
322 1200 358 1235 6.
405 1211 447 1234 er
470 1211 510 1234 eo
534 1211 699 1241 numero,
734 1202 831 1246 quos]
866 1202 969 1235 Hauc
991 1205 1185 1236 structurae
1207 1200 1378 1236 rationem
1402 1198 1563 1244 pluribus

171 1261 426 1297 illustravimus
448 1262 494 1297 ad
524 1272 556 1295 c.
583 1261 734 1302 XXXV,
759 1260 795 1295 6.
829 1278 874 1286 —
912 1262 967 1296 De
999 1261 1116 1296 verbis
1147 1262 1266 1296 cohors
1293 1274 1365 1296 una
1389 1261 1562 1306 Ligurum

172 1334 252 1358 cum
274 1323 406 1357 duabus
428 1322 551 1356 turmis
571 1321 742 1355 Thracum
766 1322 855 1355 haec
878 1322 952 1356 fere
973 1322 1125 1357 habetur
1141 1322 1254 1357 Curtii
1278 1326 1375 1356 nota:
1407 1321 1580 1364 „cohorm
1640 1332 1642 1334 ’

172 1389 227 1419 tes
256 1386 294 1421 et
324 1382 540 1417 auxiliorum
571 1387 692 1424 erant,
726 1386 761 1416 et
787 1382 1024 1428 legionariae,
1054 1393 1186 1427 eaeque
1215 1393 1258 1416 ex
1292 1382 1486 1428 peditibus,
1523 1384 1564 1416 ut

174 1450 312 1480 turmae
335 1443 503 1487 equitum.
549 1443 702 1488 Ligures
724 1443 810 1477 socii
830 1444 953 1487 populi
975 1442 1127 1477 Romani
1150 1441 1255 1484 facti,
1292 1446 1475 1488 postquam
1498 1453 1562 1485 per

173 1506 305 1540 multas
333 1504 449 1538 clades
480 1504 623 1539 taudem
662 1504 708 1538 ab
732 1505 772 1541 L.
798 1505 951 1539 Aemilio
975 1504 1111 1539 Scauro
1132 1504 1170 1539 in
1195 1504 1405 1540 deditionem
1428 1502 1562 1546 accepti

173 1570 276 1608 sunt,
303 1576 338 1600 v.
362 1565 459 1601 Flor.
481 1565 538 1606 ΙΙ,
569 1564 639 1600 3.“
685 1565 758 1600 Eos
781 1565 818 1599 in
841 1566 995 1600 exercitu
1018 1567 1183 1600 Romano
1206 1570 1330 1599 contra
1351 1563 1563 1608 lug-ucham

173 1627 345 1662 militasse
368 1631 464 1671 patet
485 1627 594 1662 etiam
618 1639 660 1661 ex
684 1639 716 1662 c.
738 1627 876 1669 xcm,
902 1627 1034 1669 XClV,
1057 1630 1094 1661 et
1116 1627 1163 1668 C,
1186 1626 1222 1660 2.
1254 1643 1303 1651 -
1337 1625 1466 1661 Turum
1487 1627 1565 1659 erat

172 1689 324 1735 triginta
343 1687 522 1732 equitum;
553 1699 587 1722 v.
612 1689 726 1722 Varro
748 1688 791 1721 de
815 1688 854 1722 [a.
881 1689 920 1722 L.
945 1689 1010 1730 lv,
1042 1687 1100 1722 16.
1136 1686 1286 1732 singulis
1306 1690 1426 1720 autem
1447 1685 1562 1731 legio-

171 1749 276 1784 nibus
295 1749 419 1784 decem
442 1748 762 1793 turmae‚=triginta
785 1748 946 1782 decurias
969 1749 1198 1790 continentes,
1221 1747 1450 1783 addebantur.
1497 1748 1563 1782 Er·-

171 1815 235 1846 rnt·
252 1810 363 1856 igitur
387 1809 545 1852 Cottius,
569 1809 629 1853 qui
653 1809 690 1843 in
713 1809 862 1854 singulis
886 1809 1085 1854 legionibus
1112 1808 1260 1852 triginta
1288 1812 1424 1842 turmas
1456 1807 1565 1842 tuisse

140 1907 142 1916 ἦ
173 1872 279 1913 dicit3
311 1872 356 1905 cf.
378 1871 581 1915 Nieupoort.
605 1871 679 1906 Rit.
706 1871 814 1906 Rom.
837 1870 890 1912 V,
919 1870 965 1911 2,
998 1870 1032 1905 1.
1069 1882 1104 1913 p.
1127 1869 1208 1904 355.
1243 1870 1296 1905 ed.
1319 1869 1379 1902 lx.
1410 1867 1575 1902 Nitschiix

171 1932 311 1977 Antiqq.
336 1933 480 1966 Romm.
502 1932 581 1966 Vol.
603 1931 648 1965 ll.
674 1943 707 1975 p.
733 1929 836 1965 1418.
864 1930 919 1966 ed.
943 1929 1007 1964 ΙΙΙ.
1036 1949 1082 1956 —
1113 1929 1203 1964 Ante
1222 1930 1404 1975 gregariis
1425 1929 1464 1964 in
1483 1929 1562 1964 cod.

172 1995 247 2028 luc.
269 1995 303 2028 2.
329 1993 450 2027 Struv.
473 1991 570 2026 Leid.
588 1992 632 2026 G.
657 1997 693 2027 et
714 1992 763 2028 H.
787 1991 946 2026 additum
969 1994 1022 2025 est
1044 2002 1111 2032 ex,·
1141 1989 1180 2025 in
1199 1991 1318 2027 Μαι-Ε.
1337 1994 1381 2026 Λ.
1405 2001 1490 2034 vero
1512 2002 1562 2024 m.

173 2066 244 2090 sec.
265 2054 404 2098 scripsit
426 2054 556 2098 pauci
579 2065 628 2088 ex
650 2065 755 2098 greg.
780 2054 875 2096 mit,
899 2052 993 2097 quod
1017 2051 1156 2086 Wassio
1179 2052 1282 2087 valde
1303 2051 1446 2096 placuit.
1493 2051 1563 2086 Sed

173 2120 364 2158 utrumque
387 2115 484 2149 haud
506 2115 612 2148 dubie
634 2119 806 2149 tentatum
828 2119 880 2149 est
902 2125 923 2148 a
946 2113 1092 2155 scribis,
1125 2111 1186 2156 qui
1217 2124 1286 2147 non
1314 2112 1563 2158 intelligerent,

174 2175 351 2221 quomodo
373 2176 442 2210 duo
465 2176 641 2210 adiectiva
671 2175 746 2210 siue
769 2176 895 2220 copula
919 2175 980 2209 uni
1009 2174 1226 2209 substantivo
1247 2174 1563 2218 praemitterentur,
1622 2208 1625 2211 Α

176 2238 219 2272 de
242 2247 311 2280 quo
333 2240 530 2271 structurae
551 2247 680 2282 genere
702 2247 738 2272 v,
763 2241 882 2270 notata
905 2236 949 2271 nd
973 2248 1004 2269 c.
1028 2235 1144 2277 XXX,
1167 2234 1202 2272 3.
1224 2235 1387 2270 Ceterum
1407 2234 1564 2279 hang-ius

173 2299 362 2344 gregarios
384 2298 514 2332 milites
536 2308 719 2342 perperam
743 2297 830 2332 dicit
853 2298 1029 2331 Thracum
1052 2307 1128 2330 esse
1148 2296 1306 2340 pedites,-
1335 2307 1377 2330 ex
1400 2295 1563 2329 universa

175 2357 270 2391 enim
295 2358 364 2391 loci
387 2358 524 2393 ratione
548 2364 644 2403 patet
667 2361 842 2393 Romanos
863 2359 996 2403 pedites
1020 2357 1182 2402 intelligi.
1214 2376 1259 2382 -
1292 2358 1362 2394 Pro
1392 2355 1562 2390 transiere

177 2418 288 2453 Febr.
303 2418 339 2452 1.
362 2418 396 2452 2.
424 2419 520 2454 Vrat.
533 2419 567 2454 2.
592 2419 672 2453 Sen.
690 2420 725 2456 2.
750 2422 878 2454 Ileuss.
901 2420 985 2454 Naz.
1011 2418 1086 2451 Pal.
1101 2417 1137 2452 2.
1162 2416 1264 2453 Misn.
1289 2420 1323 2450 et
1346 2416 1467 2450 Goerl.
1487 2415 1559 2449 ha-

177 2479 263 2515 bont
285 2479 456 2520 transire,
489 2480 581 2523 quod
606 2480 746 2515 Cortius
769 2483 861 2514 recte
883 2479 1015 2513 iudicat
1038 2481 1223 2522 propterea
1239 2477 1379 2511 illatum
1401 2487 1494 2519 esse,
1518 2487 1562 2509 ne

177 2540 223 2575 ud
239 2538 445 2583 primarium
460 2540 653 2575 subiectum
680 2541 820 2585 (cohors
835 2539 927 2584 una)
950 2538 1120 2583 singulari
1136 2548 1282 2571 numero
1294 2538 1444 2581 positum
1460 2548 1561 2581 prae·

178 2600 286 2634 dicati
315 2599 460 2644 pluralis
490 2602 690 2636 referretur.
739 2602 839 2645 Quae
868 2597 1130 2634 constructionis
1160 2598 1253 2632 ratio
1275 2597 1321 2632 sit
1342 2597 1494 2631 diximus
1517 2598 1562 2632 ad

179 2663 254 2697 Cat.
279 2662 411 2704 XLIII,
434 2662 467 2696 1.
496 2674 528 2706 p.
553 2662 633 2696 191.

273 2724 426 2758 centurio
442 2723 549 2767 primi
567 2722 648 2768 pila]
680 2722 722 2755 In
744 2720 839 2756 omui
863 2721 1003 2766 legione
1025 2719 1095 2754 tria
1117 2729 1246 2764 genera
1270 2722 1370 2753 erant
1395 2718 1560 2761 militum,

183 2783 342 2826 hastati,
366 2783 559 2828 principes,
581 2782 700 2818 triarii
720 2781 794 2818 sive
815 2783 954 2827 piloni,·
978 2793 1007 2815 c.
1038 2781 1156 2826 Veget.
1178 2782 1233 2823 ll,
1258 2779 1293 2814 8.
1328 2779 1562 2826 Singulorum
