1716 2996
229 164 315 206 534
601 160 648 201 G.
681 158 1008 202 SALLUSTI
1036 157 1251 202 CRISPI
1286 204 1301 211 ,,

232 277 383 321 litibus
417 280 689 335 exaequatus
738 290 841 320 cum
884 275 1161 336 imperatore
1199 275 1325 320 labos
1369 255 1618 323 volentibus

232 456 334 491 quem
357 445 538 480 mitterent
562 444 649 479 satis
672 444 876 486 constabat,
910 454 1038 488 quam
1070 442 1178 485 illud,
1201 443 1322 477 ducem
1336 445 1626 479 >extraordinaria

227 518 320 541 cura
364 506 592 551 deligendum
635 517 728 549 esse,
767 504 830 539 ubi
872 515 935 548 pro
964 509 1084 541 tamen
1119 503 1357 546 scribendum⁴
1372 515 1449 539 esse
1480 510 1556 540 tam
1588 505 1627 541 in

233 570 401 614 promptu
424 570 494 608 est,
519 577 610 610 quae
633 566 692 600 vix
715 568 828 610 potest
851 564 1051 599 coniectura
1073 564 1266 608 appellari,
1298 565 1472 610 frequenti
1496 559 1578 601 tam*
1593 570 1628 602 et

235 635 354 665 tamen
375 628 631 672 particularum
662 627 886 669 confusione,
917 637 953 661 ν.
978 626 1242 661 Drakenborch.
1265 626 1311 660 ad
1334 625 1411 660 Liv.
1435 627 1547 668 XXII,
1571 627 1630 670 59,

235 689 292 725 13.
325 690 381 724 Ex
404 690 518 724 altero
542 699 673 733 genere
698 692 750 722 est
774 688 873 722 locus
896 686 990 722 Livii
1014 685 1140 729 xxvl,
1164 687 1224 729 31,
1247 687 1282 721 2.
1331 687 1431 722 Non
1460 688 1545 732 quid
1562 699 1628 733 ego

229 752 378 795 jecerim
404 751 442 784 in
467 750 738 795 disquisitionem
761 748 879 789 venit,
904 739 1035 792 quam
1065 748 1149 795 quid
1173 748 1233 783 isti
1252 748 1332 793 pati
1353 748 1546 791 debuerint,
1569 749 1641 783 ubi·
1699 777 1705 779 .

236 812 435 855 complures
471 810 572 844 codd.
606 821 724 845 veram
760 809 972 854 scripturam
1005 809 1082 843 sed
1115 808 1198 853 quid
1221 812 1373 844 tuentur.
1419 810 1633 854 Depravatio

240 875 359 907 autem
382 883 424 906 eo
448 875 528 906 orta
551 873 621 913 est,
646 871 761 915 quod,
786 881 894 915 quum
917 870 954 904 in
977 868 1097 904 Lovel.
1122 869 1156 903 1.
1184 872 1220 903 et
1241 869 1276 903 4.
1311 873 1400 904 esset
1431 872 1492 904 sed
1517 883 1633 906 num-

240 933 370 979 quid,
403 932 485 966 inde
511 932 546 966 in
570 931 650 967 aliis
675 932 809 967 factum
833 934 884 965 est
906 942 1006 965 nam
1030 930 1193 977 quicquid
1201 922 1222 970 ,ἶ
1242 941 1284 964 ex
1307 942 1390 966 nam
1414 936 1532 967 autem
1555 944 1633 967 rur-

241 1006 301 1030 sus
333 997 450 1028 ortum
482 1005 597 1039 quam.
632 994 752 1028 lustin.
784 993 871 1035 XII,
903 991 948 1034 8,
982 992 1016 1026 4.
1078 992 1234 1026 Tandem
1262 1003 1364 1026 orare
1397 993 1474 1037 (se.
1507 994 1637 1028 milites

241 1054 523 1100 Alexandrum),
555 1059 594 1088 ut
626 1055 793 1100 reliquias
826 1055 951 1089 saltem
981 1063 1063 1087 suas
1089 1053 1249 1096 paternis
1272 1054 1466 1098 sepulchris
1496 1055 1636 1096 reddat,

243 1127 387 1162 quorum
417 1128 502 1149 non
537 1114 663 1149 studiis
694 1115 902 1160 deficiatur,
937 1125 1065 1160 quam
1098 1113 1218 1156 annis,
1251 1113 1313 1147 ubi
1336 1116 1535 1159 reponenda
1557 1115 1635 1152 edd.

243 1175 380 1220 antiqq?
408 1175 512 1210 lectio
547 1176 629 1209 sed
660 1177 772 1210 annis.
820 1177 946 1211 Nostro
978 1175 1090 1221 igitur
1118 1175 1200 1209 loco
1223 1186 1418 1219 paucorum
1441 1176 1540 1211 codd.
1562 1181 1639 1227 tam

244 1249 314 1272 non
336 1227 543 1272 habentium
567 1236 741 1280 scriptura
763 1248 875 1280 neque
901 1237 1027 1270 Latina
1050 1239 1115 1277 est,
1138 1246 1264 1278 nequo,
1290 1236 1322 1269 si
1345 1241 1454 1278 esset,
1480 1248 1640 1272 commo·

246 1299 330 1332 dum
363 1310 501 1333 sensum
533 1299 727 1342 praeberet.
778 1297 884 1338 Haud
917 1297 1022 1330 dubie
1049 1296 1143 1330 enim
1167 1296 1355 1332 Sallustius
1378 1298 1493 1332 dicere
1514 1298 1638 1344 voluit,

246 1358 403 1394 Marium
427 1370 509 1393 sane
532 1360 572 1393 ob
597 1358 1024 1405 diffidentiamqaliquam,
1049 1360 1088 1391 ut
1110 1357 1209 1392 decet
1230 1360 1374 1391 cautum
1396 1368 1439 1391 ac
1461 1362 1642 1393 strenuum

247 1420 524 1464 imperatorem,
559 1419 707 1466 vigilias
742 1420 859 1464 ipsum
888 1417 1113 1466 circumisse,
1143 1418 1204 1451 sed
1236 1419 1380 1460 multo
1419 1420 1571 1464 magis
1602 1426 1643 1455 ut

249 1481 404 1525 exemplo
440 1491 502 1514 suo
534 1481 661 1515 milites
693 1469 872 1515 excitaret.
903 1497 949 1505 ·—
988 1477 1116 1513 Statim
1140 1479 1345 1526 post‘longe
1367 1478 1516 1524 plurimi
1540 1479 1641 1516 codd.

249 1542 382 1576 habent
414 1541 615 1586 diffidentia
647 1542 832 1586 futu‘ri,
866 1552 984 1586 quae
1027 1540 1286 1584 imperavisset,
1328 1540 1366 1576 in
1399 1551 1468 1584 qua
1504 1541 1645 1576 soloeca

251 1606 430 1655 structura
453 1603 667 1638 defendenda
694 1603 928 1648 nequicquam
951 1601 1158 1636 laborarunt
1179 1600 1385 1645 interpretes
1408 1605 1444 1636 et
1464 1593 1646 1657 gramma-

252 1664 327 1700 tici.
374 1665 427 1699 Ad
453 1676 563 1698 unum
589 1664 682 1698 enim
707 1675 849 1708 omnes,
884 1663 983 1697 velut
1016 1661 1156 1696 Cortius
1179 1662 1223 1696 ad
1245 1663 1284 1696 h.
1309 1662 1350 1705 L,
1374 1662 1578 1698 Perizonius
1600 1664 1646 1698 ad

253 1727 370 1761 Sanct.
395 1724 483 1761 Min.
507 1726 553 1771 ΙΙ,
578 1726 614 1762 9.
648 1738 684 1770 p.
703 1726 788 1762 268.
822 1725 876 1759 ed.
909 1724 1015 1768 Bau„
1040 1712 1299 1759 Ramshoruius
1323 1711 1482 1759 Gramm.
1513 1725 1589 1760 nat.
1611 1727 1646 1768 §-

253 1785 336 1822 206.
359 1786 401 1821 A.
425 1786 460 1821 4.
483 1797 518 1823 a.
542 1799 577 1832 p.
601 1786 681 1822 691.
715 1788 769 1821 ed.
794 1788 823 1823 Ι.
853 1785 890 1820 id
922 1785 1025 1819 unice
1063 1787 1198 1830 -zgunt,
1230 1788 1270 1820 ut
1291 1785 1428 1820 numeri
1457 1785 1648 1831 singularis

182 1880 187 1883 .
256 1859 339 1883 cum
371 1846 503 1893 plurali
533 1848 811 1882 coniunctionem
845 1846 1049 1888 defendant,
1082 1857 1149 1880 non
1180 1845 1239 1880 via
1273 1849 1307 1881 et
1328 1846 1482 1890 ratione,
1503 1848 1563 1881 sed
1586 1858 1658 1882 ει·-

256 1909 384 1954 emplis
397 1934 408 1952 ,
432 1912 468 1943 et
489 1908 583 1942 inter
605 1920 642 1943 se
667 1909 832 1951 diversis,
854 1912 891 1943 et
915 1919 938 1942 a
960 1911 1079 1942 nostro
1101 1907 1179 1944 loco
1202 1906 1445 1950 alienissimis,
1477 1919 1568 1954 quae
1589 1908 1648 1942 vel

256 1982 383 2016 parum
408 1970 591 2004 emendate
614 1969 651 2004 in
674 1970 751 2003 edd.
776 1971 964 2016 leguntur,
987 1968 1044 2003 vel
1076 1979 1139 2012 per
1160 1979 1198 2002 se
1220 1978 1306 2003 sana
1328 1971 1565 2013 portentosam
1589 1979 1650 2003 ex-

257 2031 483 2076 plicationem
515 2033 659 2075 experta
692 2034 793 2075 sunt,
828 2031 950 2075 qualia
983 2029 1162 2076 tetigimus
1195 2027 1241 2063 ad
1279 2028 1533 2072 catu.·xt7111‚
1557 2029 1590 2064 1.
1614 2040 1649 2079 p,

258 2091 306 2127 85
329 2104 379 2137 sq.
407 2095 442 2126 et
474 2091 519 2126 ad
550 2092 648 2134 LVI,
672 2091 706 2127 5.
741 2103 777 2137 p.
804 2091 884 2127 297.
933 2091 1002 2125 Sed
1035 2094 1075 2126 ut
1104 2101 1294 2135 parumper
1323 2091 1552 2125 concedamus
1580 2090 1652 2125 dici

259 2156 362 2197 'posse
377 2153 519 2197 futuri,
545 2164 654 2198 qnae,
678 2154 770 2197 quod
794 2154 891 2188 nullo
914 2153 1018 2187 modo
1041 2153 1149 2194 licet,
1173 2146 1364 2194 maiorem,
1388 2162 1496 2196 quam
1518 2152 1653 2186 numeri

261 2213 461 2258 diversitas,
486 2213 710 2257 insolentiam
733 2214 842 2248 habet
862 2199 1091 2260 participium
1113 2224 1155 2247 ex
1179 2213 1381 2257 diffidentia
1403 2217 1536 2257 aptum.
1558 2211 1652 2247 Num

261 2278 366 2320 putas
388 2285 551 2319 unquam¹
565 2274 697 2308 dictum
720 2275 849 2321 fuisse,
873 2279 934 2310 aut
957 2275 1112 2320 potuisse
1134 2273 1227 2316 diei,
1252 2279 1291 2309 ut
1312 2274 1381 2308 hoc
1402 2278 1505 2316 utar,
1530 2273 1652 2307 ansius
1706 2292 1710 2294 -

222 2361 227 2363 >
262 2347 337 2370 sum
378 2336 673 2381 dissidentia
713 2337 929 2372 redituri
979 2337 1076 2371 eius
1099 2361 1110 2378 ,
1152 2346 1252 2381 quem
1297 2334 1413 2369 misi?
1454 2333 1512 2367 vel
1551 2343 1652 2376 spes

264 2397 406 2432 amici
438 2398 628 2433 venturi
660 2410 716 2433 me
733 2398 895 2443 fefellit?
918 2399 958 2433 In
980 2397 1095 2435 hiset
1120 2396 1296 2431 similibus
1318 2400 1358 2432 ut
1378 2393 1571 2430 necessario
1593 2404 1653 2428 ac-

265 2457 444 2493 cusativus
478 2470 560 2492 cum
594 2460 659 2496 inf.
691 2460 903 2505 requiritur,
934 2459 986 2494 ita
1018 2459 1126 2493 etiam
1149 2462 1266 2493 nostro
1287 2459 1366 2492 loco
1389 2467 1432 2490 ex
1455 2455 1654 2498 diffidentia

265 2519 357 2554 nihil
380 2518 477 2554 aliud
500 2530 607 2564 quam
630 2521 721 2555 haec
744 2525 918 2555 structura
940 2520 1090 2564 pendere
1111 2523 1232 2564 potest.
1275 2517 1341 2553 Cui
1361 2526 1578 2561 quamquam
1601 2515 1655 2550 fa-

267 2580 333 2615 cile
357 2580 523 2622 satisfiat,
559 2580 590 2614 si
620 2593 700 2615 cum
725 2583 898 2631 Muellefo
923 2586 958 2616 et
992 2580 1126 2615 Weisio
1148 2579 1282 2613 scribas
1308 2579 1455 2622 sutura,
1479 2587 1591 2622 quae,
1614 2580 1655 2612 ut

268 2640 425 2674 nonnulli
450 2640 551 2675 codd.
576 2641 720 2675 Gruteri
742 2642 895 2683 habent,
916 2643 1058 2684 tamen,
1081 2639 1165 2684 quia
1189 2638 1238 2673 ita
1259 2637 1418 2673 lectionis
1442 2647 1573 2682 magua
1593 2647 1658 2672 va·
1704 2631 1713 2643 ³

267 2701 375 2737 rietes
407 2702 504 2737 nullo
536 2702 642 2736 modo
673 2704 786 2746 potest
820 2701 1013 2746 explicari,
1046 2699 1250 2735 insolentius
1280 2698 1413 2744 aliquid
1437 2709 1460 2733 a
1491 2697 1659 2734 Sallustio

217 2774 224 2779 ⁷
267 2763 435 2807 seriptum
459 2774 535 2798 esse
557 2765 713 2808 apparet.
762 2762 891 2796 Verum
916 2761 1030 2807 igitur
1052 2764 1216 2805 putamus
1238 2760 1331 2806 quod
1357 2759 1393 2794 in
1426 2759 1542 2794 Guell'.
1566 2757 1601 2797 7,
1625 2760 1659 2792 ot
