1702 2982
464 164 825 209 IUGURT‘HA.
885 164 1011 207 GAP.
1046 163 1124 206 XI.
1432 165 1489 206 57

40 329 66 339 ,v
95 283 328 345 giwius&
349 282 841 343 magnifice-fecerant,
886 280 1031 341 reguli
1071 280 1115 324 in
1149 294 1287 325 unum
1319 294 1488 325 conve-

95 383 224 437 ὴαψ,
262 379 495 424 tatemer
535 392 585 422 se
627 377 686 422 de
723 377 894 423 eunetis
933 377 1123 438 negotiis
1168 377 1489 438 disceptarent.‘

96 475 488 537 Sedzxfliempsah
535 476 612 534 qui
660 476 880 521 minumus
920 490 975 519 ex
1021 474 1106 520 illis
1145 481 1239 519 erat
1259 509 1275 531 ⁷
1326 482 1518 522 natura3

96 573 227 618 ferox
251 580 296 631 et
328 574 416 618 iam
449 579 550 618 ante
587 572 912 633 ignobilitatem
938 571 1209 633 Iugurthae,
1253 573 1358 632 quia
1388 588 1487 619 ma-

98 693 269 728 Numidia
295 693 486 729 decederet.
518 693 683 736 xxxix,
709 694 744 728 4.
780 694 946 728 Paucis
969 692 1136 727 diebus
1166 694 1204 727 in
1226 695 1384 738 Africam
1400 706 1485 739 pro-

87 754 272 799 ficiscitur.
295 754 463 796 xm‘1‚5.
487 755 609 796 mxlv,
623 754 658 790 5.
682 755 874 796 LXXXVI,
891 755 925 789 4.
949 765 984 791 ν.
1001 753 1183 788 Moebium
1205 755 1250 789 ad
1270 755 1369 789 Caes.
1386 756 1431 790 Β.
1442 756 1488 790 G.

97 814 125 855 Ι,
140 814 199 857 31,
217 815 272 852 114
289 814 444 850 Gronov.
469 820 505 850 et
526 817 701 850 Drakenb,
719 816 764 850 ad
790 816 868 850 Liv.
890 816 1003 859 XXX,
1017 815 1076 856 21,
1094 814 1129 849 9.
1145 833 1190 841 -
1227 816 1418 861 Postquam
1441 834 1490 843 --

89 877 255 919 fecerant
275 875 391 911 rarior
412 880 464 911 est
486 880 679 919 structura,
713 877 782 910 hac
804 876 979 920 particula
1002 877 1207 920 plerumque
1228 887 1308 910 cum
1332 878 1489 921 perfecto

96 935 298 978 eri-iunctm
328 937 389 971 sed
421 942 517 972 recte
549 938 685 972 monuit
719 936 920 982 uenogius
944 936 989 970 ad
1022 935 1128 970 Catil.
1151 947 1181 968 c.
1206 937 1275 976 ΙΝ,
1292 938 1324 971 1.
1347 949 1382 982 p.
1403 937 1488 974 838.

97 996 160 1031 ubi
182 997 556 1043 plusquamperfectum
579 999 752 1032 habeatur
776 1003 955 1032 auctorem
986 1008 1054 1031 uon
1077 1002 1150 1031 tam
1175 996 1382 1041 simpliciter
1404 1010 1490 1034 uar-

96 1059 228 1100 ranHe,
251 1070 357 1103 quam
379 1058 568 1094 iudicantis
583 1063 618 1094 et
638 1071 696 1094 res
718 1059 810 1093 inter
832 1071 870 1093 se
892 1058 1132 1102 comparantis
1153 1062 1270 1102 partes
1296 1058 1488 1103 sustinere3

97 1118 144 1153 ef.
168 1119 244 1165 lug.
265 1119 430 1165 xmv,4.
476 1121 620 1154 Albinus
640 1126 824 1165 postquam
848 1121 1050 1154 decreverat
1064 1131 1132 1153 non
1151 1119 1275 1164 egredi
1294 1121 1488 1165 provincia,

97 1179 226 1214 milite·
243 1181 383 1215 stativis
403 1181 528 1214 eastris
550 1181 711 1216 habebat.
736 1181 857 1223 cvm,
875 1181 909 1215 l.
924 1181 1003 1216 Ῑιίν.
1024 1181 1136 1222 xxn,
1157 1179 1216 1223 48,
1234 1180 1268 1215 4.
1288 1181 1378 1216 Tac.
1394 1183 1487 1216 Anu.

98 1240 190 1283 xlv,
212 1241 271 1284 49,
293 1242 328 1276 1.
353 1259 399 1267 —·
422 1241 461 1275 Iu
483 1241 623 1286 Bipont.
640 1246 675 1277 et
689 1242 872 1293 hang-iana
894 1242 1044 1276 editione
1066 1252 1207 1276 comma
1228 1246 1307 1287 post
1321 1245 1488 1287 fecerant

96 1302 272 1338 sublatum
299 1305 376 1347 post
403 1303 520 1348 reguli
551 1304 764 1338 vocabulum
800 1304 975 1347 habetur,
1005 1307 1128 1337 contm
1159 1303 1316 1338 Sallustii
1339 1316 1490 1349 morem,

96 1362 158 1406 qui
181 1363 316 1398 duabus
335 1362 512 1397 sententiis
545 1363 597 1398 ita
619 1363 851 1407 comparatis,
881 1368 920 1398 ut
942 1364 1081 1408 utrique
1096 1364 1189 1399 idem
1211 1365 1405 1400 subiectum
1428 1366 1487 1411 sit,

97 1422 135 1457 id
157 1435 295 1469 semper
316 1423 524 1468 primariae,
548 1435 726 1468 nunquam
750 1424 977 1459 secundariae
999 1425 1183 1467 attribuit3
1205 1437 1317 1470 neque
1342 1427 1387 1461 ad
1410 1439 1488 1462 rem

98 1483 267 1528 pertinet,
290 1485 381 1528 quod
406 1485 612 1519 secundaria
637 1485 809 1519 antecedit
840 1485 1003 1520 alteram.
1057 1487 1222 1520 Ceterum
1252 1488 1307 1520 illi
1328 1488 1488 1523 dativum

100 1554 175 1577 esse
195 1555 259 1588 per
277 1556 314 1579 se
336 1549 443 1588 patet.
460 1565 506 1570 —-
523 1547 577 1579 De
593 1546 743 1579 dictione
761 1547 798 1579 in
815 1558 919 1579 unum
937 1557 970 1581 V.
995 1546 1038 1579 ad
1057 1547 1131 1581 Cat.
1147 1547 1254 1589 xm,
1273 1547 1307 1581 2.
1324 1559 1358 1591 p.
1369 1547 1427 1582 8⁹.
1438 1568 1487 1575 —

102 1604 298 1639 &nocuere
320 1615 438 1639 omnes
462 1609 578 1639 tenent
601 1606 734 1648 Curtii,
770 1606 935 1649 Gruteri,
966 1606 1118 1649 Waseii,
1151 1607 1272 1641 Leidd.
1297 1608 1390 1655 Teg.
1413 1610 1490 1646 nrt.

101 1664 221 1700 Goerl.
243 1669 279 1700 et
300 1665 469 1700 Priscian.
493 1666 558 1707 ΠΙ,
582 1665 617 1707 5,
643 1666 701 1701 26.
732 1677 767 1710 p.
804 1666 885 1700 122.
914 1666 969 1700 ed.
1001 1667 1066 1701 Kr.
1116 1667 1353 1704 Convenerunt
1374 1674 1429 1705 est
1450 1671 1488 1705 in

101 1724 184 1760 Bas.
208 1725 241 1760 l.
260 1725 295 1760 4.
319 1727 425 1760 Bern.
447 1725 483 1759 l.
503 1726 539 1760 3.
563 1727 683 1763 Berol.
714 1726 748 1760 1.
772 1727 806 1761 2.
834 1727 939 1761 Misn.
967 1727 1072 1772 idque
1103 1729 1315 1765 Gerlachius
1331 1730 1369 1765 iu
1390 1734 1489 1767 textu

102 1786 288 1831 expressit,
313 1797 526 1831 quamquam
549 1787 585 1822 in
600 1789 809 1823 Commentt.
826 1800 862 1832 p.
878 1788 960 1822 227.
984 1788 1171 1833 improbat.

193 1850 227 1891 S.
249 1847 285 1883 3.
330 1847 390 1893 qui
419 1848 592 1882 minumus
622 1860 664 1883 ex
703 1850 774 1883 illis
808 1850 899 1894 erat]
931 1850 1023 1884 Erat
1054 1851 1193 1885 Col-tius
1225 1856 1358 1887 temere
1386 1853 1490 1889 unius

99 1907 240 1942 Vratisl.
256 1907 291 1944 3.
313 1908 382 1942 fide
404 1908 580 1953 expunxit.
601 1926 649 1937 -
673 1910 850 1944 minumus
872 1911 990 1954 paullo
1005 1910 1207 1946 insolentius
1230 1925 1294 1958 pro
1316 1915 1490 1951 minumus

101 1973 186 2003 natu
211 1968 343 2003 dictum
366 1968 523 2011 videtur,
554 1979 771 2014 quamquam
804 1970 927 2005 Livius
958 1983 1099 2016 quoque
1129 1973 1180 2007 ita
1210 1975 1299 2009 dixit
1320 1976 1347 2019 1,
1371 1975 1428 2018 53,
1453 1976 1488 2011 5.

103 2029 225 2064 Sea-tm
241 2031 342 2074 filius
359 2030 453 2072 eius,
478 2030 537 2075 qui
560 2032 724 2065 minimus
745 2043 786 2065 ex
806 2032 915 2066 tribus
934 2037 1023 2067 emt.
1042 2052 1090 2058 —-
1118 2034 1169 2069 Et
1187 2036 1259 2069 iam
1278 2037 1491 2072 Gerlachius

105 2087 212 2139 Rivio
233 2095 423 2133 praeeunte
444 2095 538 2126 recte
560 2092 700 2137 scripsit
723 2103 785 2136 pro
810 2094 915 2127 ctiam
928 2118 939 2134 ,
976 2095 1071 2137 quod
1093 2106 1213 2130 omues
1235 2098 1332 2131 codd.
1358 2102 1393 2132 et
1409 2099 1489 2134 edd.

104 2147 258 2189 eir-iden
292 2161 397 2194 quam
418 2151 532 2186 lenem
556 2149 832 2189 emendationem
860 2154 915 2199 (v-
939 2154 984 2188 ad
1005 2167 1035 2189 c.
1058 2156 1204 2198 xnvu,
1225 2158 1261 2193 2.
1286 2160 1412 2203 XXIV,
1435 2160 1489 2205 4.)

104 2218 173 2241 non
196 2209 311 2243 solum
335 2213 554 2248 commendat
575 2214 700 2248 durum
725 2214 932 2249 bimembris
955 2216 1146 2251 sententiae
1168 2219 1357 2264 asyndeton
1373 2221 1492 2256 subla-

104 2272 201 2312 tum,
226 2270 285 2304 sed
314 2271 454 2316 flagitat
475 2279 559 2309 unte
583 2273 797 2318 particulae,
827 2286 908 2308 cnm
931 2275 967 2310 vi
991 2278 1144 2320 positae,
1176 2280 1281 2314 ratio.
1327 2281 1491 2316 ceterum

105 2329 244 2365 curtim
269 2331 312 2364 de
333 2332 404 2366 suis
426 2333 526 2370 codd.
551 2334 643 2369 nihil
663 2346 808 2369 monens
830 2335 968 2379 scripsit
993 2343 1125 2378 antea‚·
1154 2341 1214 2373 sed
1246 2346 1329 2375 ante
1359 2343 1493 2378 habent

104 2399 225 2425 omues
241 2391 404 2436 Gmteri,
429 2394 582 2438 Wassii,
605 2395 725 2432 Leidd.
741 2396 824 2430 Bas.
845 2396 877 2430 l.
892 2396 927 2431 4.
942 2397 1059 2432 Berol.
1078 2401 1109 2434 l.
1127 2400 1164 2434 2.
1186 2399 1291 2434 Misn.
1312 2420 1358 2426 —
1375 2403 1492 2439 verba

104 2451 189 2495 quia
220 2457 377 2488 materno
399 2465 528 2499 genere
553 2456 668 2500 impar
690 2461 767 2490 erat
788 2456 926 2491 eortius
957 2461 1089 2493 te-ere
1118 2472 1182 2504 pro
1206 2463 1393 2506 suppositis
1419 2464 1490 2499 ha-

104 2511 191 2554 buit,
214 2512 274 2547 vix
298 2514 366 2548 sibi
390 2518 587 2559 temperans
609 2516 693 2561 quin
714 2517 916 2561 expelleret,
939 2520 1024 2562 quia
1046 2520 1120 2555 iam
1141 2533 1248 2564 supra
1262 2534 1292 2558 c.
1309 2524 1350 2565 V,
1374 2524 1410 2558 7.
1433 2525 1492 2560 di—

105 2575 198 2606 ctum
221 2573 267 2608 sit
285 2574 496 2620 Iugurtham
518 2588 560 2611 ex
582 2578 775 2613 concubina
797 2582 914 2612 ortum
936 2588 1032 2621 esse,
1053 2584 1090 2614 et
1104 2591 1134 2614 c.
1157 2580 1281 2626 cvm,
1301 2584 1333 2617 1.
1357 2584 1487 2621 iterum

104 2632 163 2666 his
190 2633 275 2677 ipsis
307 2636 424 2671 verbis
459 2636 533 2672 eius
563 2637 768 2684 ignobilitas
798 2643 1026 2675 memoretur.
1078 2641 1151 2676 Sed
1180 2643 1243 2686 qui
1271 2646 1486 2688 reputaverit

104 2691 311 2729 Sallustium
336 2696 373 2730 h.
393 2697 419 2731 1.
442 2708 582 2733 caussas
602 2710 774 2743 exponere
787 2726 797 2743 ,
828 2711 893 2734 cur
914 2701 976 2736 ille
998 2701 1199 2747 Hiempsali
1215 2706 1403 2749 tantopere
1425 2706 1486 2740 de·-

106 2754 236 2796 spectui
258 2760 364 2799 met,
387 2761 555 2802 perquam
581 2761 764 2796 commode
788 2765 966 2799 auctorem
989 2764 1065 2801 eius
1081 2764 1133 2800 rei
1156 2765 1362 2810 primariam
1383 2777 1485 2802 caus—
