1702 2982
173 184 258 227 122
550 183 597 227 C.
627 183 948 229 SALLUSTI
979 183 1201 232 CRISPI

172 306 305 361 ptum
340 314 494 346 vorsus
539 301 677 346 finem
719 302 881 363 imperi
924 302 1129 349 habuere
1167 300 1569 366 Carthaginienses,

138 401 284 460 4post
326 398 440 443 aliae
485 398 683 444 Punicae
730 401 883 449 urbes.
969 401 1133 446 Cetera
1180 401 1280 447 loca
1321 417 1465 463 usque
1508 403 1569 448 ad

169 545 364 580 repressum
381 533 419 568 in
434 537 574 578 partem
593 533 715 576 illam,
740 546 830 580 quae
847 541 899 571 est
924 535 1180 582 Carthaginem
1208 546 1351 580 verens,
1368 538 1396 582 s
1402 526 1571 572 eratur'

169 600 206 631 et
222 595 384 640 fluat!
414 594 484 628 Sed
509 594 612 629 unice
645 606 731 630 vera
763 595 898 630 Wassii
928 596 1102 632 sententia
1133 599 1208 642 est,
1239 597 1302 642 qui
1331 597 1481 632 ostendit
1501 597 1570 633 ista

168 658 281 692 verba
304 655 509 702 significare
531 656 719 690 secundnm
737 667 855 699 mare,
883 656 941 691 vel
963 658 1087 704 siquis
1102 659 1288 693 secundum
1304 670 1404 693 mare
1424 664 1569 704 pergat,

168 718 246 753 sive
263 708 373 753 maris
392 728 492 752 oram
511 721 691 762 sequatur.
736 717 830 752 Nam
853 721 892 753 ut
914 719 1222 764 sewndoflumine
1236 730 1307 754 non
1329 720 1444 754 solum
1457 719 1502 754 de
1523 718 1569 754 iis

168 778 322 821 (licitur,
345 777 407 821 qui
430 776 507 820 ipso
529 776 677 811 flumine
698 776 861 813 deorsum
885 779 1070 823 feruntur,
1103 791 1195 826 quae
1219 779 1392 815 Gronovii
1415 782 1467 815 est
1488 791 1569 815 sen-

169 839 279 875 tentia
295 864 306 881 ‚
330 838 390 873 sed
414 837 523 873 etiam
547 838 589 871 de
612 837 677 880 iis,
702 838 764 883 qui
786 839 943 876 fluminis
966 844 1119 877 tractum
1134 842 1210 877 sive
1231 842 1418 876 decursum
1432 841 1470 875 in
1485 841 1567 885 ripa

168 905 379 946 sequuntur,
404 899 451 936 cl'.
475 899 575 933 Caes.
601 900 645 933 B.
672 900 718 935 G.
744 900 829 943 vll,
852 900 911 936 58.
931 905 1062 947 refecta
1087 908 1213 948 ponte,
1245 914 1350 949 quern
1378 902 1566 947 superiora·-

169 963 232 998 bus
254 962 376 997 diebus
415 961 530 996 hostes
567 961 806 1005 resciderunt,
839 964 1027 998 exercitum
1068 965 1269 1000 transducit
1302 968 1339 998 et
1369 963 1566 998 secundo

161 1024 366 1069 flumine
382 1022 590 1067 (vernacula
610 1022 753 1068 liings
776 1024 873 1059 dem
897 1025 1080 1070 Fluesc)
1102 1025 1152 1059 ad
1167 1025 1348 1060 Lutetiam
1367 1023 1566 1067 iterfacere

166 1084 298 1129 coepit,
321 1083 373 1119 ita
394 1082 486 1139 nihil
509 1083 627 1118 obstat
650 1084 836 1127 quominus
849 1086 1010 1122 Sallustii
1032 1086 1143 1120 verba
1165 1085 1315 1120 eundem
1337 1095 1478 1120 sensum
1497 1083 1567 1118 ha-

165 1146 283 1181 beant.
331 1144 403 1189 Qui
427 1145 522 1180 enim
544 1146 596 1181 ita
618 1146 685 1181 iter
707 1146 815 1190 facit,
839 1149 880 1181 ut
899 1158 992 1190 non,
1014 1145 1125 1181 maris
1147 1157 1211 1181 ora
1232 1146 1375 1188 relicta,
1396 1143 1567 1179 interiora

163 1211 282 1243 terrae
309 1210 429 1251 petat,
462 1208 523 1243 sed
554 1208 633 1253 pari
664 1219 802 1252 semper
833 1207 1020 1244 intervallo
1052 1218 1075 1242 a
1107 1206 1199 1242 mari
1229 1207 1341 1250 absit,
1362 1206 1394 1242 is
1415 1205 1567 1241 semaa

163 1269 258 1304 mart
279 1267 348 1302 iter
369 1267 469 1303 facit.

262 1330 462 1374 Theraeon]
487 1329 526 1363 lu
548 1329 650 1363 codd.
676 1331 712 1364 et
733 1328 812 1363 edd.
835 1328 999 1363 omnihus
1035 1327 1204 1364 scribitur
1229 1328 1410 1371 Tlaereon,
1427 1338 1471 1363 ac
1491 1329 1565 1362 sta-

164 1391 230 1427 tim
264 1394 346 1436 post
378 1391 572 1430 Philencm·
603 1390 664 1424 sed
697 1389 960 1435 diphthongum
984 1389 1099 1435 poscit
1122 1400 1253 1436 graeca
1273 1388 1449 1425 scribendi
1470 1388 1564 1423 ratio

167 1455 353 1499 Θηραῖοι,
399 1451 590 1494 Φίλαινοι,
629 1461 741 1494 quare
779 1450 888 1485 etiam
929 1449 1004 1485 sine
1043 1451 1143 1487 codd.
1175 1462 1299 1485 verum
1330 1449 1564 1495 reposuimus.

165 1516 344 1550 Graecam
365 1512 519 1559 genitivi
547 1512 702 1547 formam
733 1511 837 1546 Conr.
868 1512 976 1556 neap.
1012 1511 1251 1546 Schneiderus
1285 1513 1449 1547 Gramm.
1481 1511 1562 1546 Lat.

164 1577 212 1612 T.
236 1577 282 1611 11.
308 1576 348 1611 P.
372 1575 398 1610 1.
414 1587 452 1619 p.
482 1572 542 1608 83.
573 1575 669 1607 recte
702 1573 867 1607 observat
897 1571 935 1606 in
966 1571 1162 1607 rarioribus
1190 1575 1329 1607 tantum
1361 1571 1564 1606 nominihus

162 1635 418 1684 geographicis
451 1634 564 1669 fuisse
597 1633 800 1669 admissam.
869 1633 924 1666 De
955 1633 1088 1677 Cyrene
1119 1631 1366 1667 'Pheraeorum
1395 1629 1562 1670 colonia,

163 1701 272 1734 Batto
305 1699 396 1731 duce
427 1695 485 1732 01.
520 1696 681 1731 ΧΧΧΠ.
706 1694 782 1729 sive
804 1705 837 1729 a.
859 1692 943 1729 631.
967 1703 1001 1729 a.
1023 1693 1110 1728 Chr.
1132 1704 1167 1727 n.
1190 1692 1347 1734 condita,
1369 1702 1404 1727 v.
1428 1690 1561 1726 Herod.
1583 1690 1601 1698 ¹

162 1761 235 1803 IV,
260 1758 331 1794 145
353 1768 429 1802 sqq.
455 1757 574 1792 Strab.
598 1757 717 1798 xvn,
749 1754 784 1789 3.
810 1767 844 1800 p.
868 1754 949 1789 497.
975 1754 1139 1789 Tauchn.
1163 1765 1197 1798 p.
1222 1752 1327 1788 1194.
1351 1754 1397 1789 B.
1420 1753 1476 1787 ed.
1500 1751 1563 1786 Al-

162 1822 294 1857 meloV.
327 1819 375 1853 cf.
407 1818 569 1853 Boeckh.
605 1817 652 1852 ud
682 1816 784 1854 Pina.
813 1816 920 1861 Pyth.
946 1816 1003 1850 lv.
1038 1814 1175 1858 Explic.
1205 1826 1241 1859 p.
1265 1813 1347 1849 263.
1371 1812 1455 1848 265.
1480 1813 1562 1848 Car.

162 1882 297 1919 Ritteri
322 1880 530 1927 Geograph.
553 1879 596 1914 P.
620 1879 650 1915 1.
673 1889 765 1922 quae
788 1877 948 1920 Africam
972 1875 1239 1919 complectitur,
1270 1886 1306 1919 p.
1329 1874 1402 1910 945
1416 1873 1561 1910 —-·949.

161 1943 343 1980 Mannerti
375 1943 509 1986 Geogr.
542 1940 671 1976 Graec.
711 1941 747 1973 et
778 1938 884 1972 Rom.
921 1937 1018 1971 Tom
1047 1937 1092 1970 X.
1125 1936 1167 1970 P.
1199 1936 1243 1970 Π.
1277 1946 1315 1980 p.
1337 1934 1385 1970 51
1414 1945 1491 1978 sqq.
1514 1953 1561 1960 -—

163 2007 283 2050 Syrtes
305 2015 349 2039 ac
373 2003 568 2038 Philaenon
588 2013 672 2036 aras
690 2000 785 2034 iufra
800 1997 998 2034 accuratius
1013 1996 1181 2032 describit
1195 1999 1319 2031 auctor
1333 2008 1365 2030 c.
1380 1995 1562 2031 LXXVIII

163 2071 200 2104 et
222 2067 397 2108 Lxxlx3
419 2064 481 2099 sed
502 2074 608 2108 quem
630 2061 828 2096 Philaenon
851 2059 924 2094 aris
954 2058 1072 2093 locum
1104 2057 1167 2092 hic
1198 2057 1376 2104 assignat,
1407 2057 1562 2091 multum

163 2128 328 2163 diversus
357 2126 498 2161 videtur
532 2125 579 2159 ab
610 2134 675 2165 eo,
709 2132 814 2166 quem
847 2118 973 2154 relicui
1004 2119 1193 2164 scriptores
1227 2129 1366 2154 summo
1395 2128 1562 2152 consensu

163 2189 317 2225 tradunt.
365 2187 456 2223 Nam
488 2185 550 2231 qui
582 2186 652 2219 has
681 2193 762 2219 aras
792 2184 1089 2223 commemorant,
1121 2181 1219 2217 velut
1249 2179 1399 2214 Ptolem.
1431 2178 1503 2221 lv,
1523 2177 1561 2215 ιι

162 2251 294 2286 Strabo
320 2249 438 2292 XVss,
460 2247 495 2282 3.
522 2258 555 2292 p.
580 2245 662 2281 495.
686 2244 848 2286 Tauchn.
870 2255 908 2287 p.
931 2241 1037 2278 1193.
1059 2242 1103 2278 B.
1127 2242 1182 2277 ed.
1217 2240 1391 2276 Almelov.
1415 2239 1512 2274 Mela
1532 2239 1560 2281 1,

162 2311 201 2348 7.
222 2311 316 2346 Plin.
340 2311 388 2347 Η.
412 2308 456 2345 Ν.
480 2309 532 2353 V,
557 2307 592 2342 4.
616 2305 813 2342 clarissime
834 2304 958 2338 docent
980 2313 1040 2337 eas
1074 2301 1111 2336 iu
1141 2306 1298 2337 extremo
1331 2300 1411 2335 sinu
1444 2299 1562 2344 Syrtis

164 2382 317 2418 magnae
333 2395 346 2414 ‚
368 2361 442 2415 qua
463 2369 557 2405 inter
578 2366 851 2413 septentrionem
873 2368 909 2400 et
933 2363 1103 2399 orientem
1127 2364 1173 2398 ad
1200 2364 1355 2398 Bai-cam
1383 2364 1419 2396 et
1450 2361 1561 2405 Cyre-

165 2433 307 2469 naicam
341 2430 476 2477 vergit,
509 2428 592 2463 sitas
624 2439 719 2468 esse,
753 2437 866 2470 nequo
897 2426 971 2460 alio
1004 2425 1083 2459 loco
1112 2426 1244 2469 ponunt
1274 2420 1500 2463 recentiores,
1522 2425 1561 2456 ut

165 2492 344 2530 Cellnrius
377 2491 463 2526 Not.
495 2488 584 2524 orb.
615 2491 686 2524 ant.
717 2487 784 2530 lv,
817 2487 853 2521 3.
884 2497 919 2530 p.
953 2484 1038 2520 855.
1070 2485 1125 2519 ed.
1163 2485 1283 2519 schw.
1325 2481 1559 2523 D'Anvillius‚

168 2553 386 2594 natenius,
419 2551 501 2585 Gar.
533 2549 695 2584 Ritterus
728 2547 854 2592 Africa
884 2559 920 2592 p.
953 2546 1036 2581 934.
1068 2545 1248 2580 Sicklerus
1276 2544 1408 2588 Geogr.
1430 2545 1501 2578 ant.
1525 2554 1558 2587 p.

169 2615 251 2650 82⁰.
283 2612 359 2649 alii.
416 2612 469 2646 Ex
501 2609 660 2646 Sallustii
696 2612 815 2644 autem
846 2607 963 2642 verbis
996 2605 1161 2640 coniicias
1182 2616 1264 2639 enm
1287 2607 1366 2648 post
1386 2603 1559 2639 minorem

169 2677 315 2711 demum
337 2672 496 2720 Syrtim,
520 2675 583 2706 aut
607 2674 702 2705 certe
723 2672 803 2714 post
823 2667 962 2712 Leptim
985 2678 1153 2712 magnam
1176 2667 1242 2701 has
1263 2676 1344 2701 aras
1363 2666 1559 2707 ennoean-03

170 2748 254 2772 nam
287 2735 356 2771 isto
390 2733 513 2770 ordine
540 2731 732 2777 procedere
754 2729 830 2764 eius
852 2726 1088 2763 narrationem
1111 2727 1294 2762 ostendunt
1314 2727 1424 2762 verba
1444 2728 1561 2772 priua

172 2816 219 2823 —-
243 2807 285 2832 ac
303 2796 464 2840 deinceps
480 2812 523 2820 ·—
541 2792 667 2828 deiude
684 2811 728 2818 -
741 2796 820 2836 post
833 2815 844 2834 ,
867 2801 980 2834 eoque
1003 2789 1199 2824 Glareanus
1230 2787 1397 2823 Nostrum
1431 2786 1579 2850 meod-7

1696 630 1702 653 l
