1702 2982
149 157 234 197 12⁰
523 154 568 197 e.
601 154 926 198 SALLUsrl
959 125 1184 199 cals'rl

153 270 212 316 de
273 269 553 331 Carthagine
607 276 760 316 tacere
817 271 975 316 melius
1016 277 1154 332 puto,
1203 289 1339 332 quam
1377 285 1546 336 parum

118 367 328 425 3dicere,
364 369 574 427 quoniam
610 369 696 413 alio
727 383 978 429 properare
1012 374 1190 430 tempus
1222 378 1386 420 monet.
1453 373 1548 435 Igi-

149 470 222 510 tur
257 465 317 509 ad
354 465 711 524 Catabathmon,
754 466 831 525 qui
865 466 992 510 locus
1021 467 1291 529 Aegyptum
1325 468 1563 516 ab‘Afrir

150 620 235 656 octo
258 620 302 655 ad
327 620 399 655 Cic.
424 621 467 655 de
490 621 590 656 Finn.
615 622 652 666 1,
684 621 730 663 ⁷,
765 619 820 655 25.
856 620 1048 656 Frotscher
1081 623 1127 658 ad
1164 623 1313 668 Quintil.
1341 625 1397 666 X,
1419 624 1464 667 1,
1488 624 1546 660 12.

151 681 336 728 Spalding.
362 683 407 717 ad
438 683 490 725 11,
521 682 587 724 11,
611 682 648 716 7.
673 701 721 707 --
744 681 849 726 Quod
881 681 1086 726 scripsimus
1120 688 1269 720 tacere
1297 685 1421 720 melius
1447 692 1546 730 puto,

150 744 302 779 fortasse
326 746 429 778 erunt
451 742 512 787 qui
536 742 759 788 improbent·;
793 753 914 777 omncs
937 743 1031 778 enim
1055 744 1154 780 codd.
1175 748 1293 780 tenent
1314 747 1415 781 silere
1447 748 1549 781 meli-

147 816 188 839 us
202 809 310 850 puto,
334 807 480 849 excepto
503 815 575 837 uno
603 805 751 838 Eccard.
776 803 838 848 qui
861 808 1036 848 receptam
1061 816 1083 840 a
1106 806 1206 840 nobis
1237 806 1450 851 scripturam
1472 820 1548 842 ser-

147 864 261 900 vavit.
317 866 436 909 Quam
468 868 510 899 ut
538 866 773 909 probaremus
803 866 954 901 multum
987 866 1072 900 fecit
1103 867 1314 911 Quintiliani
1346 868 1548 912 auctoritas,

148 926 210 970 qui
233 926 343 961 Instit.
369 929 457 961 orat.
480 926 535 967 11,
551 907 627 967 23,
651 926 707 960 14.
733 930 892 961 nostrum
917 928 1036 961 locum
1059 927 1109 961 sic
1131 928 1257 962 refert:
1281 934 1443 964 tacere
1466 942 1546 964 sa-

146 987 243 1022 tius
271 993 379 1032 ματος
412 987 472 1022 sed
498 986 691 1030 plurimum
723 987 838 1021 valuit
871 987 1010 1021 dicendi
1043 999 1136 1023 usus.
1169 989 1262 1024 Nam
1295 990 1325 1024 si
1357 990 1547 1027 Sallustius

146 1052 291 1082 auctore
324 1047 444 1082 Gellio
473 1046 547 1081 NN.
579 1048 653 1081 AA.
687 1049 739 1091 X,
761 1048 820 1083 20.
843 1049 1098 1093 proprietatum
1121 1038 1163 1084 ἰιιΙ
1181 1050 1298 1094 verbis
1319 1052 1549 1087 retinentissi-

145 1119 226 1143 mus
250 1108 339 1152 fuit,
365 1108 423 1142 vix
448 1108 513 1143 tibi
537 1109 748 1152 persuadeas
772 1110 876 1144 silere
899 1122 981 1144 eum
1004 1109 1140 1146 dixisse.
1157 1110 1345 1146 Verissime
1367 1112 1461 1147 enim
1477 1114 1549 1148 Lu-

146 1171 228 1204 dov-
253 1170 486 1204 Doederlinus
507 1169 546 1203 in
570 1170 804 1216 Synonymm.
831 1171 923 1206 Latt.
951 1172 998 1206 T.
1022 1171 1050 1204 Ι.
1077 1183 1109 1215 p.
1134 1170 1180 1206 85
1204 1183 1278 1215 sqq.
1305 1173 1424 1208 docuit
1447 1176 1549 1216 silere

144 1231 199 1266 ita
223 1232 368 1267 differre
392 1232 438 1265 ab
463 1236 602 1273 tacere,
625 1236 664 1266 ut
686 1231 775 1265 illud
801 1231 906 1265 latius
930 1235 1048 1275 pateat
1072 1236 1108 1265 et
1131 1233 1272 1266 omnino
1297 1234 1472 1280 significet
1493 1238 1548 1271 ni-

148 1291 200 1325 hil
214 1292 319 1325 som·
341 1292 464 1334 edere,
488 1293 557 1325 hoc
578 1294 711 1326 nullum
729 1303 781 1326 ve
795 1294 919 1326 rbum
945 1296 1116 1337 proferre.
1140 1294 1254 1339 Igitur
1276 1296 1399 1338 silere,
1432 1298 1490 1332 cui
1513 1298 1548 1332 in

147 1351 340 1385 vernacula
363 1353 572 1396 respondent
596 1353 765 1387 dictiones
787 1355 859 1388 still
882 1355 976 1396 sein,
1009 1354 1080 1387 sich
1099 1355 1172 1387 still
1188 1356 1260 1388 und
1277 1357 1386 1402 rnhig
1406 1359 1554 1394 vernat-v

147 1417 225 1455 ten,
259 1412 387 1446 dicitur
418 1412 470 1455 is,
502 1413 561 1457 qui
596 1415 733 1448 nullum
764 1415 916 1449 sonitum
949 1414 1009 1449 vel
1041 1415 1229 1459 strepitum
1260 1417 1394 1460 reddit,
1420 1419 1480 1462 qui
1506 1433 1550 1453 ne

147 1472 312 1508 mussitat
343 1472 484 1516 quidem
517 1478 553 1508 et
584 1474 722 1508 hiscere
753 1487 822 1509 non
853 1476 978 1516 audet;
1011 1481 1107 1510 tacet
1139 1488 1222 1510 vero
1246 1477 1296 1520 is,
1329 1478 1390 1522 qui
1412 1491 1480 1512 non
1497 1481 1548 1513 lo-

149 1536 270 1579 quitur
290 1538 324 1568 et
348 1546 438 1579 quae
458 1527 614 1569 'dicenda
640 1536 768 1578 habet,
789 1538 930 1581 premit.
978 1536 1122 1581 Quippe
1149 1538 1294 1572 dicendo
1319 1548 1387 1572 non
1411 1540 1547 1583 opposi-

149 1600 227 1630 tum
265 1599 316 1630 est
339 1596 462 1637 silere,
494 1596 554 1629 sed
579 1602 718 1638 tacere,
755 1601 794 1631 ut
826 1597 1055 1631 Doederlinus
1080 1598 1330 1633 demonstravit
1352 1599 1408 1633 his
1432 1611 1549 1636 exem-

150 1657 242 1702 plis:
263 1657 355 1691 'Cato
379 1667 436 1701 ap.
453 1657 547 1691 Gen.
563 1658 580 1691 Ι
593 1685 602 1701 ,
619 1657 677 1693 15.
697 1660 817 1702 frusto
835 1660 938 1703 panis
958 1659 1103 1692 conduci
1117 1663 1230 1704 potest
1246 1660 1304 1693 vel
1323 1665 1549 1705 uttaceat,

150 1719 208 1753 vel
239 1722 278 1752 ut
304 1719 544 1762 loquatur.
577 1718 694 1753 Plaut.
729 1719 824 1752 Rud.
854 1719 920 1761 lV,
952 1719 996 1763 τὶ,
1030 1720 1088 1755 72.
1122 1722 1206 1766 quia
1234 1720 1324 1755 enim
1348 1733 1459 1766 neque
1479 1723 1552 1756 lo-

151 1790 296 1824 quens
323 1791 381 1821 es,
414 1791 524 1824 neque
550 1785 712 1814 tacens
735 1790 888 1824 unquam
918 1780 1038 1818 bonus.
1073 1782 1156 1817 Ter.
1193 1783 1284 1816 Eun.
1314 1781 1384 1823 lv,
1417 1783 1460 1824 4,
1492 1783 1549 1818 54.

151 1846 269 1876 utrum
295 1845 554 1888 taceamne,
580 1852 627 1874 απ
648 1840 954 1885 praedicem?
978 1841 1075 1875 Adde
1100 1841 1189 1876 Sall.
1214 1842 1293 1887 lug.
1319 1843 1489 1886 xxxln,
1514 1847 1548 1880 l.

151 1902 212 1937 ubi
234 1902 412 1947 Iugurtha
439 1902 725 1946 respondere
748 1901 860 1935 iussus
879 1906 957 1943 est,
993 1901 1032 1936 G.
1062 1903 1217 1936 Baebius
1243 1914 1363 1948 regem
1389 1909 1551 1941 tacere

152 1965 260 1999 iubet.
288 1963 387 2008 Virg.
413 1963 499 1997 Aen.
527 1963 567 2004 1,
597 1962 668 1998 148
691 1973 765 2007 sqq.
789 1962 842 1996 Ac
861 1963 969 1997 veluti
986 1974 1118 2008 magno
1135 1964 1172 1997 in
1184 1965 1312 2008 populo
1338 1977 1443 2010 quum
1470 1978 1550 2002 sae..

151 2036 196 2070 pe
213 2029 332 2059 coorta
350 2026 402 2058 est
422 2024 579 2066 Seditio,
602 2023 924 2069 saevitqueauimis
943 2024 1099 2069 ignobile
1120 2025 1277 2070 vulgus,
1292 2025 1436 2072 lamque
1450 2030 1551 2072 sacen

154 2090 189 2122 et
205 2097 294 2120 saxa
314 2086 445 2126 volant,
462 2086 565 2128 juror
585 2095 689 2118 arma
708 2085 906 2126 ministrat,·
935 2076 1024 2119 Tum
1046 2087 1177 2130 pietate
1196 2097 1345 2131 gravem
1363 2099 1405 2122 ac
1420 2090 1551 2125 meritis

154 2147 186 2181 si
198 2149 294 2191 sorte
312 2147 426 2180 virum
452 2159 554 2192 quem
576 2146 806 2191 Conspexere,
830 2146 981 2180 silent
1008 2146 1220 2191 arrectisque
1245 2149 1388 2184 auribus
1417 2156 1550 2187 astant.

155 2208 246 2243 Cum
270 2206 473 2242 Doederlini
500 2208 693 2252 praeceptis
714 2207 789 2240 fere
819 2213 1037 2254 congruunt,
1070 2219 1159 2252 quae
1179 2209 1377 2255 Herzogius
1403 2211 1448 2245 ad
1472 2212 1549 2247 eat.

155 2270 193 2312 1,
216 2269 250 2304 1.
274 2270 318 2303 de
341 2270 532 2304 verborum
558 2269 660 2302 silere
698 2271 733 2302 et
765 2273 882 2303 tacere
910 2268 1112 2303 discrimine
1145 2269 1325 2311 disseruit,
1362 2269 1430 2304 nisi
1459 2272 1551 2315 quod

155 2330 247 2365 illud
269 2342 397 2377 graece
422 2329 554 2375 σιγᾶν,
580 2329 650 2363 hoc
677 2330 822 2365 σιωπᾶν
855 2341 930 2365 esse
961 2329 1066 2371 dicit3
1098 2341 1182 2364 nam
1205 2332 1310 2376 plane
1331 2335 1455 2374 contra
1475 2343 1552 2366 esse

156 2391 272 2436 quivis
303 2395 466 2426 accurate
498 2390 661 2434 inspectis
699 2390 885 2435 exemplis,
926 2402 950 2427 a
996 2391 1209 2426 Doederliuo
1248 2391 1386 2434 allatis,
1417 2393 1550 2430 sentiet.

156 2453 260 2498 Quae
281 2464 390 2497 quum
414 2451 464 2488 ita
488 2452 576 2494 sint,
599 2451 697 2485 vides
721 2463 827 2495 quam
852 2463 1017 2496 perverse
1041 2453 1142 2486 silere
1166 2453 1312 2489 verbum
1345 2453 1388 2487 de
1422 2455 1550 2489 omissa

158 2525 276 2549 rerum
309 2511 655 2558 Carthaginiensium
687 2513 1007 2548 commemoratione
1039 2511 1192 2556 positum
1232 2513 1287 2548 sit.
1351 2513 1420 2548 Sed
1451 2525 1550 2548 scru-

157 2576 282 2619 pulum
314 2575 463 2611 fortusse
496 2572 629 2614 iniicit,
663 2574 757 2616 quod
792 2572 1032 2618 Quintilianus
1063 2573 1170 2608 etiam
1203 2585 1266 2618 pro
1297 2574 1421 2609 melius
1442 2575 1550 2610 habet

157 2638 291 2678 satius,
317 2641 377 2681 ut,
411 2644 520 2680 quum
543 2633 748 2667 memoriter
771 2635 890 2667 locum
914 2633 1059 2667 laudare
1081 2634 1263 2676 videatur,
1296 2634 1371 2669 eius
1393 2635 1550 2670 testimo-

156 2697 217 2732 nio
239 2697 331 2731 nihil
354 2695 577 2732 tribuendum
600 2694 657 2730 sit.
704 2694 912 2729 Memoriter
932 2694 1096 2729 laudasse
1119 2695 1303 2738 concedo,
1324 2695 1383 2729 sed
1406 2695 1551 2740 loquen-

156 2755 192 2791 di
227 2766 292 2790 usu
321 2755 409 2790 duce
441 2754 780 2800 intelligentissimus
808 2754 951 2800 linguae
979 2754 1197 2791 existimator
1227 2755 1262 2789 in
1296 2761 1412 2792 tacere
1442 2758 1550 2795 verbo

1143 2926 1156 2949 ἱ
