1716 2996
221 204 308 248 52⁰
592 202 638 247 G.
670 194 995 246 SALLUSTI
1026 195 1250 245 CRISPI
1280 196 1283 197 ⁷

358 317 568 364 xcvm.-
604 320 769 378 Neque
803 319 849 362 in
884 332 940 362 eo
975 323 1067 363 tam
1098 330 1262 379 aspero
1292 312 1475 379 negotio
1504 317 1612 363 Ma-

223 417 313 462 rius
358 417 535 460 territus
579 421 655 460 aut
696 415 842 476 magis
888 430 1024 474 quam
1067 421 1199 460 antea
1238 414 1431 459 demisso
1466 415 1613 460 animo

222 514 325 571 fuit,
363 512 445 558 sed
474 527 576 556 cum
611 518 758 557 turma
793 527 885 569 sua,
922 527 1059 571 quam
1094 527 1150 556 ex
1178 512 1441 557 fortissumis
1468 512 1615 573 magis

225 625 360 671 quam
407 609 768 654 familiarissumis
814 615 1082 670 paraverat,
1125 610 1282 672 vagari
1324 603 1517 671 passim,
1562 623 1617 653 ac

224 732 271 769 cf.
303 733 405 769 Caes.
438 731 484 767 Β.
514 731 557 766 G.
589 732 640 775 11,
665 730 727 775 2⁰,
750 732 785 767 3.
816 731 884 766 His
907 731 1175 775 difficultatibus
1201 736 1278 767 erat
1300 731 1451 767 subsidio
1473 731 1620 766 seientia

224 797 332 838 atque
363 803 446 827 nsua
476 792 648 835 militum,
681 794 773 839 quod
804 793 1036 838 superioribus
1063 793 1210 838 proeliis
1231 792 1414 827 exercitati
1435 792 1520 838 qaid
1533 791 1620 837 fieri

223 859 399 900 oporteret
421 865 490 887 non
512 854 627 888 minus
649 855 824 890 commode
855 855 923 903 ipsi
952 854 1017 888 sibi
1036 854 1292 898 praescribere,
1325 864 1431 898 quam
1463 854 1515 887 ab·
1538 853 1620 887 aliis

224 916 342 951 doceri
372 919 550 960 poterant.
608 915 710 960 Quae
742 916 820 950 laus
853 926 962 960 quum
992 913 1137 949 minime
1168 925 1341 949 novorum
1371 913 1437 956 sit,
1473 914 1621 959 novique

224 976 324 1011 nullo
356 975 463 1010 modo
495 977 608 1020 potest
640 986 663 1009 a
692 975 864 1011 Sallustio
883 975 1054 1019 scriptum
1077 986 1163 1011 esse.
1208 976 1289 1009 noc
1312 974 1486 1008 vocabulo
1507 973 1622 1019 igitur

224 1038 364 1073 sublato
389 1049 498 1082 quum
522 1047 643 1070 omnes
666 1036 808 1071 omnino
831 1036 1056 1071 difficultates
1079 1036 1255 1077 tollantur,
1277 1035 1442 1070 omittere
1462 1045 1533 1068 non
1555 1034 1622 1068 du·-

223 1098 434 1142 bitavimns‚
471 1097 564 1142 quod
595 1096 796 1133 faciendum
821 1109 896 1132 esse
921 1097 994 1133 iam
1017 1097 1150 1131 dudum
1171 1094 1563 1139 viderunt‘ciaceoniua
1585 1097 1623 1129 et

224 1158 385 1194 Ursinus.
435 1158 644 1202 corruptela
668 1162 786 1193 autem
808 1159 1043 1204 probabiliter
1065 1170 1108 1193 eo
1132 1161 1211 1193 orta
1235 1161 1307 1200 est,
1339 1156 1432 1200 quod
1456 1155 1624 1190 librarius

226 1219 367 1264 aliquis,
390 1219 594 1253 recordatus
617 1218 687 1252 loci
712 1230 742 1252 c.
761 1221 968 1260 LXXXVII,
993 1219 1027 1255 3.
1053 1220 1162 1253 Brevi
1183 1219 1298 1263 spatio
1319 1219 1403 1251 novi
1426 1216 1624 1262 veteresque

225 1282 397 1322 coaluere,
420 1285 454 1315 et
478 1281 634 1314 virtus
658 1281 853 1330 omnium
878 1280 1101 1325 aequalis
1126 1281 1283 1322 sacta,
1318 1289 1362 1312 ne
1387 1279 1470 1313 novi
1494 1278 1626 1314 milite·

226 1341 335 1376 laude
357 1351 422 1375 sua
440 1340 501 1374 hic
523 1340 766 1384 privarentur,
790 1342 938 1386 meique
959 1341 1018 1375 vel
1041 1339 1158 1374 versui
1184 1339 1445 1384 superscripsit,
1469 1340 1526 1373 vel
1552 1343 1625 1374 sta-

225 1403 291 1438 tim
313 1402 351 1437 in
374 1404 536 1436 contextu
559 1400 688 1445 posuit.
735 1401 806 1436 Sed
828 1412 942 1445 neque
963 1402 1077 1436 bonus
1098 1400 1161 1434 ille
1179 1399 1359 1445 librarius,
1383 1412 1494 1445 neque
1516 1401 1626 1435 inter·-

226 1466 342 1510 pretes
371 1462 439 1497 isto
473 1463 551 1496 loco
584 1461 638 1496 usi
664 1462 825 1497 viderunt
848 1462 953 1506 plane
977 1461 1150 1495 diversam
1173 1470 1249 1494 me
1269 1460 1453 1505 utriusque
1474 1460 1544 1495 loci
1566 1470 1626 1496 ra-

226 1525 371 1560 tionem.
418 1522 472 1558 Ibi
505 1522 599 1556 enim
626 1527 750 1558 auctor
772 1522 1015 1558 tantummodo
1038 1521 1083 1556 de
1105 1521 1224 1555 animo
1247 1524 1283 1555 et
1303 1521 1434 1555 einata
1454 1531 1628 1556 novorum

229 1584 405 1630 loquitur,
428 1583 490 1618 hie
513 1585 593 1618 belli
615 1597 716 1619 usum
740 1591 776 1621 et
799 1584 980 1619 scientiam
1002 1585 1273 1623 commemorat,
1306 1591 1398 1625 quae
1420 1593 1488 1616 non
1510 1593 1629 1617 neees-

229 1645 325 1681 sario
356 1656 437 1679 cum
469 1645 589 1680 animo
624 1646 708 1681 forti
737 1650 771 1682 et
804 1646 1043 1691 periculorum
1067 1655 1136 1678 non
1159 1645 1336 1677 metuente
1358 1641 1544 1678 coniuncta
1564 1646 1628 1679 est.

230 1708 391 1751 Utraque
412 1717 452 1741 re
475 1706 629 1753 insignes
651 1719 728 1743 esse
749 1709 864 1742 solent
886 1706 1064 1748 veterani,
1089 1705 1172 1739 novi
1194 1715 1264 1738 non
1286 1703 1383 1751 item.

324 1768 480 1803 xcvm.
505 1769 538 1811 §-
559 1767 594 1802 1.
617 1779 722 1812 quam
740 1768 1054 1813 familiarissumis]
1078 1764 1290 1800 Gerlachius
1311 1767 1405 1798 recte
1428 1761 1631 1798 observavit

231 1829 291 1864 his
313 1828 431 1863 verbis
454 1829 552 1863 haud
573 1830 720 1865 obscure
743 1829 859 1866 notari
885 1838 1088 1874 perversum
1110 1826 1306 1860 multorum
1322 1824 1459 1858 ducum
1482 1834 1629 1866 morem,
1702 1857 1705 1860 s

232 1890 294 1936 qui
317 1890 354 1924 in
377 1889 549 1935 eligendis
570 1890 725 1925 cohortis
747 1902 831 1926 suae
855 1889 1032 1935 equitibus
1055 1887 1173 1934 potius
1197 1885 1392 1934 nobilitatis
1414 1888 1475 1920 aut
1496 1894 1631 1930 cogna-

230 1941 362 1995 ¹tionis,
393 1962 502 1994 quum
538 1949 753 1986 fortitudinis
787 1952 961 1987 rationem
991 1951 1174 1984 haberent.
1220 1947 1364 1982 Similia
1396 1946 1440 1981 de
1461 1945 1632 1992 Agricola

233 2012 358 2047 laudat
375 2012 538 2053 Tacitus,
561 2010 680 2056 Agr-ic.
704 2022 734 2044 c.
760 2013 855 2047 XIX.
881 2012 962 2047 Nem
984 2012 1107 2046 studiis
1126 2010 1290 2055 privatis,
1311 2019 1374 2043 nee
1398 2019 1439 2041 ex
1462 2018 1632 2041 commen-

235 2073 379 2109 datione
401 2077 466 2107 aut
486 2073 643 2117 precibus
665 2074 902 2107 centurionum
931 2073 1058 2107 milites
1083 2071 1216 2112 ascire,
1240 2069 1301 2104 sed
1324 2069 1490 2125 optimum
1514 2079 1633 2113 qnem-

236 2145 301 2179 que
319 2133 564 2178 fidelissimum
595 2138 734 2178 putare.
799 2133 946 2167 Virtutis
968 2132 1128 2177 praemia
1151 2141 1325 2175 occupare
1348 2129 1575 2164 ambitionem
1597 2131 1635 2164 et

236 2205 299 2239 per
322 2194 479 2240 gratiam
501 2195 702 2239 promoveri
726 2194 857 2230 milites
880 2193 1038 2237 queritur
1060 2193 1168 2228 etiam
1192 2193 1313 2238 Veget.
1334 2191 1399 2232 111,
1421 2190 1456 2226 3.
1472 2209 1519 2216 -
1543 2190 1633 2224 Pas·
1670 2226 1672 2229 ,

237 2254 303 2289 sim
327 2255 418 2298 expl.
441 2254 488 2290 ad
512 2266 542 2288 c.
566 2255 690 2298 XVIII,
715 2255 750 2290 3.
775 2275 821 2281 —-
852 2255 996 2289 Manu
1019 2255 1194 2289 consulere
1218 2255 1292 2288 mil.
1318 2251 1531 2286 'Muellerus
1553 2262 1631 2295 per-
1658 2245 1660 2250 ’

236 2324 360 2360 peram
383 2315 553 2360 explicat:
578 2317 750 2361 „gladi
757 2329 798 2362 o,
823 2327 928 2360 quem
946 2315 1223 2358 manutenebat,
1246 2313 1426 2348 indicabat
1445 2310 1527 2352 sais,
1541 2309 1634 2354 -quid

238 2375 441 2411 faciendum
475 2379 586 2418 esset,
619 2387 689 2421 quo
725 2377 1021 2419 concurrendum3
1053 2376 1107 2412 ita
1137 2378 1177 2410 ut
1199 2374 1406 2419 conspicuus
1428 2374 1528 2414 esset,
1549 2370 1634 2405 dum

242 2435 358 2471 audiri
382 2447 450 2470 non
474 2440 622 2480 poterat.
634 2440 659 2457 ‘⁶
707 2438 825 2482 Quam
847 2437 1169 2483 interpretationem
1192 2445 1324 2470 vanam
1345 2443 1423 2468 esse
1442 2431 1557 2484 quivis
1580 2431 1636 2466 in-

241 2497 394 2543 telliget,
416 2496 479 2540 qui
501 2500 535 2531 et
561 2497 740 2543 ingentem
765 2510 905 2545 pugnae
928 2497 1236 2543 perturbationem,
1259 2498 1295 2532 et
1313 2505 1367 2536 οε,
1391 2504 1481 2537 quae
1500 2493 1636 2528 Marius

244 2557 360 2604 egisse
382 2560 567 2602 narratur,
593 2559 877 2594 consideraverit.
923 2560 1042 2603 Quare
1063 2558 1181 2592 Faber
1202 2564 1307 2590 manu
1330 2558 1424 2589 reete
1444 2555 1636 2590 vernacula

244 2618 396 2654 reddidit
428 2617 536 2652 durch
567 2620 781 2663 persentiche
811 2620 1039 2654 Theilnahme
1079 2628 1138 2651 am
1170 2617 1347 2668 Kampsa·
1386 2626 1512 2651 manus
1534 2615 1636 2652 Uim

244 2691 349 2725 saepe
379 2679 423 2713 de
453 2684 594 2725 pugnae
624 2678 662 2713 vi
695 2682 731 2714 et
767 2679 899 2724 impetu
922 2678 1068 2720 dicitur;
1091 2677 1140 2711 cf.
1162 2674 1328 2722 XXXIX,
1352 2676 1385 2711 l.
1411 2678 1499 2712 Aulo
1521 2687 1637 2711 mnes

245 2741 379 2785 infesti,
403 2740 495 2786 quod
518 2741 683 2775 dedecore
698 2740 830 2785 potius,
856 2750 960 2784 quam
983 2750 1111 2773 manu
1133 2739 1281 2772 salutem
1302 2739 1537 2783 quaesiverat.
1559 2737 1637 2779 XX,

245 2802 281 2841 4.
304 2803 393 2846 CVI,
415 2803 451 2838 6.
475 2813 510 2837 v.
537 2800 716 2837 Daebnius
738 2800 785 2835 ad
807 2800 893 2845 Nep.
916 2800 1056 2837 Datam.
1081 2811 1110 2834 e.
1135 2800 1175 2842 I,
1198 2798 1232 2834 3.
1257 2800 1379 2845 Epona.
1402 2799 1463 2841 111,
1487 2798 1522 2834 1.
