1702 2982
222 161 281 203 80
373 215 382 221 ᾗ
527 185 530 187 >
591 155 636 199 C.
667 154 988 199 SALLUSTI
1020 155 1246 201 CRISPI

228 278 378 318 autem
433 287 487 317 ex
528 274 771 334 improviso
828 273 1050 334 Iugurtha
1093 273 1374 320 intoleranda
1420 273 1622 333 audacia,

227 371 398 416 scelere
434 376 570 430 atque
606 371 817 432 superbia
852 386 952 415 sese
984 368 1212 430 ecferens,
1249 372 1388 416 fratre
1421 387 1526 417 meo
1550 378 1623 416 at-

228 484 318 528 quc
349 467 514 512 eodem
535 468 794 529 propinquo
821 483 903 512 suo
930 469 1181 526 interfecto,
1210 469 1405 530 primum
1435 484 1626 530 regnum

231 567 324 611 eius
362 565 541 611 sceleris
578 566 643 610 sui
677 565 898 626 praedam
934 566 1067 622 fecit3
1103 572 1232 627 post,
1269 567 1345 612 ubi
1377 583 1451 612 me
1482 566 1626 612 isdem

229 750 288 791 17,
309 749 342 785 5.
368 749 467 785 Gerl.
491 748 564 784 Cic.
589 749 717 784 Tusce.
741 749 808 793 III,
832 749 890 794 14,
913 750 972 785 31.
1025 752 1132 786 lure
1160 756 1238 787 erat
1263 750 1417 787 Socratis
1439 751 1532 786 idem
1554 751 1626 785 vol-

229 819 308 855 tus,
333 823 438 856 quum
462 810 588 845 mentis
614 811 715 844 nulla
727 812 838 855 fieret
862 812 1022 849 mutatio.
1072 813 1173 856 Quae
1203 817 1395 857 sequuntur
1418 811 1628 853 οἷσυνδὲτως

228 872 306 906 eius
341 872 394 905 rei
427 883 590 906 caussam
621 872 795 913 afferunt,
830 872 873 906 de
908 883 978 916 qua
1010 876 1187 908 structura
1209 885 1243 908 v.
1268 875 1312 909 ad
1338 875 1438 909 Catil.
1462 874 1628 915 XXXIX,

227 934 261 967 4.
276 954 321 958 —
348 935 439 968 Erat
467 933 607 967 Cortius
630 928 784 967 deletum
808 933 925 977 cupit,
956 933 1040 977 quia
1065 935 1186 970 Guelf.
1210 935 1245 969 2.
1281 934 1357 971 eius
1380 935 1459 969 loco
1481 936 1550 968 sita
1577 938 1627 968 est

227 995 383 1029 exhibet.
423 995 556 1028 Probat
579 994 806 1035 Gerlachius,
828 1005 937 1036 quum
960 994 996 1027 in
1017 995 1128 1030 Vatic.
1155 995 1190 1031 5.
1213 996 1328 1030 inerat
1352 996 1389 1029 in
1413 995 1521 1028 armis
1542 993 1628 1028 scri-
1700 1030 1701 1038 ἶ

228 1061 329 1100 ptum
354 1056 578 1096 offendisset,
610 1055 716 1089 simul
741 1065 926 1089 numerum
950 1056 1062 1090 multo
1090 1057 1348 1091 concinniorem
1371 1055 1450 1090 fieri
1474 1066 1626 1089 censens.

228 1117 300 1151 Sed
325 1121 474 1160 utraque
504 1127 631 1150 caussa
651 1115 767 1150 levior
799 1118 869 1157 est,
903 1126 1010 1158 quam
1035 1128 1126 1160 quae
1149 1120 1366 1154 relicum-um
1388 1117 1561 1151 librorum
1583 1116 1626 1150 fi-

227 1178 309 1212 dem
335 1178 448 1212 tollat.
497 1177 619 1221 Neque
651 1176 719 1211 sibi
743 1175 896 1210 constitit
922 1177 961 1210 V.
987 1178 1030 1211 D.
1056 1178 1091 1213 in
1117 1180 1252 1215 minore
1275 1181 1328 1215 ed.
1348 1198 1392 1204 —
1426 1179 1482 1212 1⁴2ae
1504 1178 1627 1222 Africa

226 1239 367 1273 Cortius
390 1242 523 1273 temere
546 1237 695 1280 delevit,
730 1238 831 1272 unius
856 1238 975 1272 Guell’.
1001 1239 1057 1273 11.
1083 1242 1312 1284 auctoritate,
1346 1251 1454 1284 quam
1477 1251 1545 1273 11011
1569 1250 1627 1272 su-

226 1304 354 1335 stentat
381 1300 499 1334 Guelf.
525 1298 559 1334 5.
583 1300 644 1343 qui
676 1300 815 1333 inverso
840 1299 964 1333 ordine
986 1301 1094 1335 habet
1117 1304 1226 1338 eiecta
1251 1309 1302 1337 est
1326 1313 1367 1337 ex
1391 1301 1525 1344 Africa.
1557 1299 1627 1334 Ne-
1696 1297 1698 1299 ’

225 1373 295 1406 que
318 1361 354 1394 id
376 1372 452 1395 rem
478 1361 686 1402 confirmat,
721 1361 813 1404 quod
846 1361 942 1396 Cort.
975 1362 1098 1396 eiicere
1133 1363 1294 1398 absolute
1316 1362 1472 1407 positum
1502 1361 1528 1396 i.
1552 1371 1628 1395 esse

226 1421 311 1455 dicit
328 1433 361 1465 q.
389 1422 615 1467 extinguere,
638 1423 771 1465 tollere,
799 1422 927 1455 delere.
954 1423 1056 1466 Quae
1073 1427 1223 1466 potestas
1247 1435 1331 1458 sane
1350 1423 1494 1465 obtinet,
1518 1420 1627 1456 etiam
1700 1425 1702 1429 ⁴

226 1482 259 1518 si
292 1494 334 1517 ex
359 1483 438 1524 Afr.
472 1483 656 1517 retinetur.
692 1482 739 1516 ef.
774 1481 899 1516 Bremi
934 1483 979 1516 ad
1013 1483 1099 1527 Nep.
1136 1483 1286 1529 Lysand.
1310 1484 1349 1525 I,
1375 1483 1408 1518 5.
1431 1495 1466 1528 p.
1490 1483 1547 1517 93.
1572 1482 1625 1516 ed.
1697 1494 1702 1524 3

225 1544 285 1579 IV.
305 1562 350 1569 —
368 1543 542 1587 Deinceps
566 1543 662 1577 Cort.
688 1546 757 1577 est
779 1546 858 1586 post
878 1543 1002 1585 eiecta,
1027 1547 1062 1578 et
1086 1550 1188 1580 erat
1210 1547 1288 1588 post
1310 1545 1427 1579 nullus
1450 1543 1627 1588 expunxit,

226 1606 263 1639 in
287 1604 403 1650 priore
425 1606 504 1639 loco
527 1605 625 1638 nullo
648 1603 743 1638 libro
760 1632 769 1647 ,
805 1603 840 1637 in
864 1604 1059 1648 posteriore
1082 1606 1217 1640 duobus
1245 1607 1382 1640 tantum
1413 1604 1629 1639 consentien-

225 1666 347 1708 tibus3
371 1676 485 1709 neque
508 1675 653 1700 manum
677 1664 916 1708 importunam
941 1666 1111 1701 abstinuit
1134 1677 1193 1700 vos
1216 1665 1445 1710 pronomine,
1475 1665 1568 1709 quod
1591 1664 1628 1699 in

227 1728 331 1763 Rem.
355 1727 390 1763 1.
415 1726 534 1760 Guelf.
558 1724 592 1758 6.
629 1729 665 1759 et
688 1725 782 1759 Med.
808 1724 864 1759 11.
899 1726 1015 1768 deest,
1054 1728 1113 1761 sed
1146 1727 1182 1760 in
1206 1725 1366 1761 officiosa
1388 1727 1425 1760 in
1449 1727 1628 1760 Romanos

224 1788 382 1823 oratione
406 1786 523 1822 omitti
546 1785 677 1830 nequit.
697 1803 743 1810 —
766 1785 820 1820 Ne
843 1785 922 1830 quis
945 1799 1026 1821 cum
1049 1788 1168 1822 Fabro
1186 1789 1281 1831 putet
1302 1785 1484 1820 iussissetis
1506 1789 1628 1819 contra

224 1861 330 1884 nsum
353 1848 490 1883 dicendi
512 1859 594 1881 cum
617 1847 686 1881 nisi
700 1849 800 1890 sorte
824 1847 1049 1882 coniunctum
1080 1860 1175 1890 esse,
1214 1858 1304 1891 quae
1336 1857 1441 1880 voces
1463 1844 1626 1880 indicati-

225 1921 310 1944 vum
336 1909 531 1951 asciscunt,
556 1907 670 1942 obiter
693 1919 875 1944 monemus
899 1909 969 1944 hoc
1000 1909 1149 1944 verbum
1170 1920 1240 1944 non
1263 1919 1306 1943 ex
1328 1907 1405 1943 istis
1428 1907 1625 1952 particulis,

225 1972 286 2007 sed
311 1983 353 2005 ex
375 1970 527 2004 relativo
551 1973 674 2014 aptum
695 1980 782 2006 esse.
956 1959 958 1961 ‚

320 2033 353 2074 §.
379 2031 436 2065 ll.
485 2042 527 2065 es.-
554 2030 769 2075 improviso]
803 2029 846 2064 V.
871 2032 993 2065 notata
1015 2030 1060 2065 ad
1085 2030 1189 2066 Catil.
1213 2030 1306 2073 VIII,
1330 2031 1364 2065 1.
1398 2041 1434 2074 p.
1457 2028 1515 2065 43.
1539 2029 1624 2064 coll.

226 2093 407 2129 Drakenb.
433 2092 477 2126 ad
501 2090 579 2125 Liv.
603 2091 662 2133 VI,
685 2090 745 2133 33,
764 2090 798 2125 7.
823 2091 969 2125 Walch.
995 2092 1042 2126 ad
1069 2091 1186 2126 Tacit.
1213 2090 1335 2137 Agric.
1360 2103 1388 2125 c.
1405 2091 1464 2127 15.
1486 2103 1524 2136 p.
1544 2090 1625 2126 219.

226 2154 317 2190 Sall.
349 2153 427 2199 lug.
461 2153 549 2194 XX,
573 2151 609 2187 3.
642 2152 734 2194 Lm,
767 2152 796 2187 l.
828 2153 961 2197 Lvlll,
989 2151 1024 2188 1.
1069 2152 1237 2188 Nonnulli
1267 2152 1366 2187 eodd.
1389 2152 1433 2187 de
1465 2153 1625 2198 improv„

227 2216 323 2261 quod
346 2214 479 2259 pariter
500 2213 639 2248 dicitur.
661 2232 708 2242 --
732 2214 901 2258 cherens
923 2216 1063 2258 praeter
1097 2214 1173 2250 Vnt.
1197 2213 1239 2248 A.
1269 2213 1429 2248 nonnulli
1450 2210 1627 2258 praestant

228 2275 375 2311 Gruteri
399 2275 514 2318 codd„
538 2274 623 2309 item
648 2274 784 2319 aliquot
805 2275 939 2310 Wassii
953 2301 963 2318 ,
986 2278 1042 2320 et,
1066 2273 1096 2310 si
1118 2274 1204 2309 fides
1226 2273 1337 2308 textui
1357 2273 1626 2318 Havereampii,
1658 2292 1665 2295 ⁴

228 2346 349 2371 omnes
373 2334 495 2372 Leidd.
542 2336 623 2371 Hae
654 2336 773 2371 forma
802 2335 1070 2381 praepositionis
1093 2335 1307 2379 antiquiores
1330 2334 1368 2369 in
1389 2333 1506 2369 verbis
1530 2345 1626 2369 eom-

229 2396 354 2444 positis
384 2395 561 2432 interdum
585 2409 669 2432 usos
692 2409 768 2432 esse
800 2396 904 2432 certis
925 2396 1094 2440 exemplis
1125 2396 1242 2431 docuit
1278 2395 1436 2431 Wassius
1472 2395 1516 2430 ad
1538 2395 1575 2430 11.
1597 2395 1626 2430 1.

230 2458 402 2503 probante
425 2456 569 2498 Corti03
600 2467 711 2500 neque
733 2456 893 2492 dissentit
924 2457 1076 2493 Bentlci.
1111 2457 1155 2492 ad
1188 2456 1330 2491 Terent.
1354 2457 1484 2491 Heaut.
1507 2456 1567 2498 w,
1589 2453 1625 2500 4,

158 2554 162 2556 ,
229 2518 289 2555 23,
313 2529 356 2553 ac
387 2518 491 2552 Conr.
516 2517 626 2561 Leop.
651 2516 855 2553 Schneider.
882 2519 1041 2554 Gramm.
1068 2518 1147 2552 Lat.
1174 2518 1211 2559 I,
1234 2516 1268 2551 2.
1300 2529 1334 2561 p.
1359 2516 1441 2552 561.
1487 2517 1626 2551 Tamen

230 2579 442 2615 Sallustium
474 2589 543 2612 non
574 2576 705 2621 ubique
726 2577 775 2612 ita
805 2579 984 2625 scripsisse
1011 2578 1227 2624 putaverim3
1264 2578 1324 2612 sed
1357 2578 1395 2612 11.
1427 2577 1452 2611 1.
1482 2580 1626 2621 propter

230 2641 475 2676 exacerbatam
498 2638 707 2674 sententiam
737 2641 772 2673 et
804 2640 964 2686 graviter
985 2642 1201 2674 commotum
1233 2637 1446 2673 Adherbalis
1467 2636 1624 2672 animum

232 2701 447 2747 asperiorem
470 2701 625 2736 fonnam
659 2700 817 2735 consulto
849 2699 895 2734 ab
927 2702 1071 2734 auctore
1096 2699 1246 2743 positam
1270 2710 1344 2733 esse
1365 2698 1549 2744 probabile
1571 2696 1623 2732 vi-

231 2762 344 2800 detur.
378 2763 423 2798 cf.
451 2762 526 2797 Cic.
551 2761 710 2796 Tusculi.
735 2759 802 2802 lv,
825 2759 896 2803 29,
926 2759 985 2795 63.
1010 2757 1070 2794 ubi
1095 2759 1130 2793 in
1155 2758 1421 2803 interpretandis
1444 2757 1626 2802 Euripidis
1679 2752 1702 2774 ‘³‘
