<?xml version="1.0" encoding="UTF-8"?>
<!DOCTYPE html PUBLIC "-//W3C//DTD XHTML 1.0 Transitional//EN"
    "http://www.w3.org/TR/xhtml1/DTD/xhtml1-transitional.dtd">
<html xmlns="http://www.w3.org/1999/xhtml" xml:lang="en" lang="en">
 <head>
  <title>
</title>
<meta http-equiv="Content-Type" content="text/html;charset=utf-8" />
  <meta name='ocr-system' content='tesseract 3.04.00' />
  <meta name='ocr-capabilities' content='ocr_page ocr_carea ocr_par ocr_line ocrx_word'/>
</head>
<body>
  <div class='ocr_page' id='page_1' title='image "./operaquaesupersu02salluoft_0130.png"; bbox 0 0 1702 2982; ppageno 0'>
   <div class='ocr_carea' id='block_1_1' title="bbox 193 173 1224 219">
    <p class='ocr_par' dir='ltr' id='par_1_1' title="bbox 193 173 1224 219">
     <span class='ocr_line' id='line_1_1' title="bbox 193 173 1224 219; baseline 0.001 -1"><span class='ocrx_word' id='word_1_1' title='bbox 193 177 278 218; x_wconf 83' lang='grc'><strong>108</strong></span> <span class='ocrx_word' id='word_1_2' title='bbox 562 173 608 218; x_wconf 87' lang='lat' dir='ltr'><strong>C.</strong></span> <span class='ocrx_word' id='word_1_3' title='bbox 639 173 971 218; x_wconf 82' lang='lat' dir='ltr'><strong>SALLUSTI</strong></span> <span class='ocrx_word' id='word_1_4' title='bbox 1001 175 1224 219; x_wconf 88' lang='lat' dir='ltr'><strong>CRISPI</strong></span> 
     </span>
    </p>
   </div>
   <div class='ocr_carea' id='block_1_2' title="bbox 149 290 1586 452">
    <p class='ocr_par' dir='ltr' id='par_1_2' title="bbox 149 290 1586 452">
     <span class='ocr_line' id='line_1_2' title="bbox 149 290 1586 353; baseline 0.003 -18"><span class='ocrx_word' id='word_1_5' title='bbox 149 297 327 351; x_wconf 82' lang='lat' dir='ltr'><strong>2atque</strong></span> <span class='ocrx_word' id='word_1_6' title='bbox 358 290 483 336; x_wconf 87' lang='lat' dir='ltr'><strong>humi</strong></span> <span class='ocrx_word' id='word_1_7' title='bbox 511 292 754 353; x_wconf 84' lang='lat' dir='ltr'><strong>pabulum,</strong></span> <span class='ocrx_word' id='word_1_8' title='bbox 792 293 855 336; x_wconf 86' lang='lat' dir='ltr'><strong>uti</strong></span> <span class='ocrx_word' id='word_1_9' title='bbox 881 294 1133 353; x_wconf 56' lang='lat' dir='ltr'><strong>pecoribus</strong></span> <span class='ocrx_word' id='word_1_10' title='bbox 1204 293 1266 338; x_wconf 91' lang='lat' dir='ltr'><strong>Hi</strong></span> <span class='ocrx_word' id='word_1_11' title='bbox 1301 308 1449 353; x_wconf 86' lang='lat' dir='ltr'><strong>neque</strong></span> <span class='ocrx_word' id='word_1_12' title='bbox 1484 309 1586 340; x_wconf 90' lang='lat' dir='ltr'><strong>mo-</strong></span> 
     </span>
     <span class='ocr_line' id='line_1_3' title="bbox 189 388 1586 452; baseline 0.001 -18"><span class='ocrx_word' id='word_1_13' title='bbox 189 388 311 434; x_wconf 87' lang='lat' dir='ltr'><strong>ribus</strong></span> <span class='ocrx_word' id='word_1_14' title='bbox 346 405 494 448; x_wconf 87' lang='lat' dir='ltr'><strong>neque</strong></span> <span class='ocrx_word' id='word_1_15' title='bbox 523 390 629 450; x_wconf 84' lang='lat' dir='ltr'><strong>lege</strong></span> <span class='ocrx_word' id='word_1_16' title='bbox 660 395 735 433; x_wconf 85' lang='lat' dir='ltr'><strong>aut</strong></span> <span class='ocrx_word' id='word_1_17' title='bbox 762 389 957 450; x_wconf 86' lang='lat' dir='ltr'><strong>imperio</strong></span> <span class='ocrx_word' id='word_1_18' title='bbox 989 391 1252 449; x_wconf 87' lang='lat' dir='ltr'><strong>cuiusquam</strong></span> <span class='ocrx_word' id='word_1_19' title='bbox 1287 391 1586 452; x_wconf 77' lang='lat' dir='ltr'><strong>regebantur3</strong></span> 
     </span>
    </p>
   </div>
   <div class='ocr_carea' id='block_1_3' title="bbox 189 486 1584 549">
    <p class='ocr_par' dir='ltr' id='par_1_3' title="bbox 189 486 1584 549">
     <span class='ocr_line' id='line_1_4' title="bbox 189 486 1584 549; baseline 0.002 -19"><span class='ocrx_word' id='word_1_20' title='bbox 189 487 317 548; x_wconf 83' lang='lat' dir='ltr'><strong>vagi,</strong></span> <span class='ocrx_word' id='word_1_21' title='bbox 362 486 564 547; x_wconf 79' lang='lat' dir='ltr'><strong>palantes</strong></span> <span class='ocrx_word' id='word_1_22' title='bbox 617 501 708 549; x_wconf 90' lang='lat' dir='ltr'><strong>qua</strong></span> <span class='ocrx_word' id='word_1_23' title='bbox 760 503 849 532; x_wconf 82' lang='lat' dir='ltr'><strong>nox</strong></span> <span class='ocrx_word' id='word_1_24' title='bbox 907 494 1122 549; x_wconf 81' lang='lat' dir='ltr'>coegerat</span> <span class='ocrx_word' id='word_1_25' title='bbox 1170 487 1299 533; x_wconf 87' lang='lat' dir='ltr'><strong>sedes</strong></span> <span class='ocrx_word' id='word_1_26' title='bbox 1343 487 1584 533; x_wconf 84' lang='lat' dir='ltr'><strong>habebant.</strong></span> 
     </span>
    </p>
   </div>
   <div class='ocr_carea' id='block_1_4' title="bbox 182 622 1587 2820">
    <p class='ocr_par' dir='ltr' id='par_1_4' title="bbox 183 622 1587 2025">
     <span class='ocr_line' id='line_1_5' title="bbox 190 622 1587 682; baseline -0.001 -11"><span class='ocrx_word' id='word_1_27' title='bbox 190 636 344 680; x_wconf 88' lang='lat' dir='ltr'><strong>Wassii,</strong></span> <span class='ocrx_word' id='word_1_28' title='bbox 368 636 464 671; x_wconf 79' lang='lat' dir='ltr'><strong>Med.</strong></span> <span class='ocrx_word' id='word_1_29' title='bbox 487 636 523 671; x_wconf 77' lang='lat'><strong>9.</strong></span> <span class='ocrx_word' id='word_1_30' title='bbox 548 636 625 671; x_wconf 84' lang='lat' dir='ltr'><strong>Vat.</strong></span> <span class='ocrx_word' id='word_1_31' title='bbox 649 635 684 672; x_wconf 85' lang='lat'><strong>5.</strong></span> <span class='ocrx_word' id='word_1_32' title='bbox 710 639 744 670; x_wconf 87' lang='lat' dir='ltr'><strong>et</strong></span> <span class='ocrx_word' id='word_1_33' title='bbox 764 622 932 679; x_wconf 73' lang='lat' dir='ltr'><strong>Neap.&#39;4.</strong></span> <span class='ocrx_word' id='word_1_34' title='bbox 958 636 1091 681; x_wconf 86' lang='lat' dir='ltr'><strong>legitur</strong></span> <span class='ocrx_word' id='word_1_35' title='bbox 1113 649 1216 682; x_wconf 80' lang='lat' dir='ltr'><strong>quo,</strong></span> <span class='ocrx_word' id='word_1_36' title='bbox 1250 637 1286 671; x_wconf 89' lang='lat' dir='ltr'><strong>in</strong></span> <span class='ocrx_word' id='word_1_37' title='bbox 1310 636 1444 672; x_wconf 85' lang='lat' dir='ltr'><strong>Wassii</strong></span> <span class='ocrx_word' id='word_1_38' title='bbox 1468 639 1587 671; x_wconf 84' lang='lat' dir='ltr'><strong>autem</strong></span> 
     </span>
     <span class='ocr_line' id='line_1_6' title="bbox 188 696 1586 742; baseline -0.001 -9"><span class='ocrx_word' id='word_1_39' title='bbox 188 699 295 734; x_wconf 87' lang='lat' dir='ltr'><strong>Mart.</strong></span> <span class='ocrx_word' id='word_1_40' title='bbox 319 701 354 733; x_wconf 87' lang='lat' dir='ltr'><strong>et</strong></span> <span class='ocrx_word' id='word_1_41' title='bbox 377 698 422 733; x_wconf 91' lang='lat' dir='ltr'><strong>B.</strong></span> <span class='ocrx_word' id='word_1_42' title='bbox 446 698 535 732; x_wconf 91' lang='lat' dir='ltr'>Pub.</span> <span class='ocrx_word' id='word_1_43' title='bbox 561 709 705 742; x_wconf 78' lang='lat' dir='ltr'><strong>quam.</strong></span> <span class='ocrx_word' id='word_1_44' title='bbox 750 696 888 742; x_wconf 82' lang='lat' dir='ltr'><strong>Quibus</strong></span> <span class='ocrx_word' id='word_1_45' title='bbox 910 696 1152 742; x_wconf 80' lang='lat' dir='ltr'><strong>discrepantiis</strong></span> <span class='ocrx_word' id='word_1_46' title='bbox 1175 698 1266 733; x_wconf 86' lang='lat' dir='ltr'><strong>inter</strong></span> <span class='ocrx_word' id='word_1_47' title='bbox 1288 710 1325 734; x_wconf 87' lang='lat' dir='ltr'><strong>se</strong></span> <span class='ocrx_word' id='word_1_48' title='bbox 1348 698 1491 733; x_wconf 84' lang='lat' dir='ltr'><strong>collatis</strong></span> <span class='ocrx_word' id='word_1_49' title='bbox 1514 697 1586 732; x_wconf 91' lang='lat' dir='ltr'><strong>iam</strong></span> 
     </span>
     <span class='ocr_line' id='line_1_7' title="bbox 187 757 1587 804; baseline -0.001 -10"><span class='ocrx_word' id='word_1_50' title='bbox 187 762 285 803; x_wconf 85' lang='lat' dir='ltr'><strong>patet</strong></span> <span class='ocrx_word' id='word_1_51' title='bbox 326 770 370 793; x_wconf 81' lang='lat' dir='ltr'><strong>ex</strong></span> <span class='ocrx_word' id='word_1_52' title='bbox 399 757 581 804; x_wconf 81' lang='lat' dir='ltr'><strong>primitiva</strong></span> <span class='ocrx_word' id='word_1_53' title='bbox 622 758 797 802; x_wconf 77' lang='lat' dir='ltr'><strong>scriptun-a</strong></span> <span class='ocrx_word' id='word_1_54' title='bbox 836 770 907 803; x_wconf 84' lang='lat' dir='ltr'><strong>qua</strong></span> <span class='ocrx_word' id='word_1_55' title='bbox 944 762 1079 794; x_wconf 84' lang='lat' dir='ltr'><strong>ceteras</strong></span> <span class='ocrx_word' id='word_1_56' title='bbox 1111 760 1332 795; x_wconf 79' lang='lat' dir='ltr'><strong>diversitates</strong></span> <span class='ocrx_word' id='word_1_57' title='bbox 1368 771 1443 795; x_wconf 86' lang='lat' dir='ltr'><strong>esse</strong></span> <span class='ocrx_word' id='word_1_58' title='bbox 1472 762 1587 801; x_wconf 81' lang='lat' dir='ltr'><strong>natas,</strong></span> 
     </span>
     <span class='ocr_line' id='line_1_8' title="bbox 187 819 1587 866; baseline 0 -12"><span class='ocrx_word' id='word_1_59' title='bbox 187 831 297 864; x_wconf 85' lang='lat' dir='ltr'><strong>quum</strong></span> <span class='ocrx_word' id='word_1_60' title='bbox 330 819 468 855; x_wconf 87' lang='lat' dir='ltr'><strong>scribae</strong></span> <span class='ocrx_word' id='word_1_61' title='bbox 500 831 571 864; x_wconf 81' lang='lat' dir='ltr'><strong>qua</strong></span> <span class='ocrx_word' id='word_1_62' title='bbox 602 831 672 854; x_wconf 87' lang='lat' dir='ltr'><strong>non</strong></span> <span class='ocrx_word' id='word_1_63' title='bbox 700 819 937 864; x_wconf 80' lang='lat' dir='ltr'>intelligentes</span> <span class='ocrx_word' id='word_1_64' title='bbox 968 820 1110 855; x_wconf 84' lang='lat' dir='ltr'><strong>diversa</strong></span> <span class='ocrx_word' id='word_1_65' title='bbox 1133 820 1194 855; x_wconf 87' lang='lat' dir='ltr'><strong>via</strong></span> <span class='ocrx_word' id='word_1_66' title='bbox 1217 833 1282 866; x_wconf 80' lang='lat' dir='ltr'><strong>quo</strong></span> <span class='ocrx_word' id='word_1_67' title='bbox 1306 823 1342 854; x_wconf 88' lang='lat' dir='ltr'><strong>et</strong></span> <span class='ocrx_word' id='word_1_68' title='bbox 1364 832 1452 866; x_wconf 76' lang='lat' dir='ltr'><strong>quas</strong></span> <span class='ocrx_word' id='word_1_69' title='bbox 1475 823 1587 854; x_wconf 87' lang='lat' dir='ltr'><strong>tenta-</strong></span> 
     </span>
     <span class='ocr_line' id='line_1_9' title="bbox 187 880 1586 927; baseline 0 -12"><span class='ocrx_word' id='word_1_70' title='bbox 187 884 286 923; x_wconf 88' lang='lat' dir='ltr'><strong>rent,</strong></span> <span class='ocrx_word' id='word_1_71' title='bbox 317 883 380 915; x_wconf 88' lang='lat' dir='ltr'><strong>aut</strong></span> <span class='ocrx_word' id='word_1_72' title='bbox 411 881 542 915; x_wconf 84' lang='lat' dir='ltr'><strong>calami</strong></span> <span class='ocrx_word' id='word_1_73' title='bbox 577 881 679 924; x_wconf 88' lang='lat' dir='ltr'><strong>lapsu</strong></span> <span class='ocrx_word' id='word_1_74' title='bbox 711 881 748 914; x_wconf 85' lang='lat' dir='ltr'><strong>in</strong></span> <span class='ocrx_word' id='word_1_75' title='bbox 772 892 877 925; x_wconf 78' lang='lat' dir='ltr'><strong>quam</strong></span> <span class='ocrx_word' id='word_1_76' title='bbox 901 881 1119 917; x_wconf 86' lang='lat' dir='ltr'><strong>aberrarent.</strong></span> <span class='ocrx_word' id='word_1_77' title='bbox 1164 882 1307 927; x_wconf 84' lang='lat' dir='ltr'><strong>Exigua</strong></span> <span class='ocrx_word' id='word_1_78' title='bbox 1328 884 1381 916; x_wconf 84' lang='lat' dir='ltr'><strong>est</strong></span> <span class='ocrx_word' id='word_1_79' title='bbox 1403 880 1514 926; x_wconf 85' lang='lat' dir='ltr'><strong>igitur</strong></span> <span class='ocrx_word' id='word_1_80' title='bbox 1541 881 1586 916; x_wconf 83' lang='lat' dir='ltr'><strong>ad</strong></span> 
     </span>
     <span class='ocr_line' id='line_1_10' title="bbox 191 940 1584 987; baseline 0 -11"><span class='ocrx_word' id='word_1_81' title='bbox 191 953 281 987; x_wconf 77' lang='lat' dir='ltr'><strong>quas</strong></span> <span class='ocrx_word' id='word_1_82' title='bbox 303 942 558 976; x_wconf 79' lang='lat' dir='ltr'><strong>defendendum</strong></span> <span class='ocrx_word' id='word_1_83' title='bbox 583 940 735 985; x_wconf 84' lang='lat' dir='ltr'><strong>Sulpicii</strong></span> <span class='ocrx_word' id='word_1_84' title='bbox 758 940 881 975; x_wconf 85' lang='lat' dir='ltr'><strong>Severi</strong></span> <span class='ocrx_word' id='word_1_85' title='bbox 905 942 1119 984; x_wconf 83' lang='lat' dir='ltr'><strong>auctoritas,</strong></span> <span class='ocrx_word' id='word_1_86' title='bbox 1143 953 1186 977; x_wconf 82' lang='lat' dir='ltr'><strong>ex</strong></span> <span class='ocrx_word' id='word_1_87' title='bbox 1209 943 1311 977; x_wconf 89' lang='lat' dir='ltr'><strong>cuius</strong></span> <span class='ocrx_word' id='word_1_88' title='bbox 1333 942 1444 976; x_wconf 86' lang='lat' dir='ltr'><strong>Diall.</strong></span> <span class='ocrx_word' id='word_1_89' title='bbox 1464 942 1504 985; x_wconf 91' lang='lat'><strong>1,</strong></span> <span class='ocrx_word' id='word_1_90' title='bbox 1527 940 1584 976; x_wconf 83' lang='lat'><strong>15.</strong></span> 
     </span>
     <span class='ocr_line' id='line_1_11' title="bbox 186 1001 1584 1048; baseline 0 -12"><span class='ocrx_word' id='word_1_91' title='bbox 186 1002 333 1036; x_wconf 87' lang='lat' dir='ltr'><strong>laudant</strong></span> <span class='ocrx_word' id='word_1_92' title='bbox 354 1002 446 1036; x_wconf 87' lang='lat' dir='ltr'><strong>haec</strong></span> <span class='ocrx_word' id='word_1_93' title='bbox 467 1013 511 1037; x_wconf 86' lang='lat' dir='ltr'><strong>ex</strong></span> <span class='ocrx_word' id='word_1_94' title='bbox 533 1001 703 1036; x_wconf 82' lang='lat' dir='ltr'><strong>Sallustio</strong></span> <span class='ocrx_word' id='word_1_95' title='bbox 726 1001 931 1046; x_wconf 84' lang='lat' dir='ltr'><strong>desumpta:</strong></span> <span class='ocrx_word' id='word_1_96' title='bbox 955 1014 1000 1036; x_wconf 77' lang='lat' dir='ltr'><strong>ne</strong></span> <span class='ocrx_word' id='word_1_97' title='bbox 1018 1004 1063 1037; x_wconf 87' lang='lat' dir='ltr'><strong>ab</strong></span> <span class='ocrx_word' id='word_1_98' title='bbox 1089 1003 1284 1038; x_wconf 73' lang='lat' dir='ltr'><strong>hominibus</strong></span> <span class='ocrx_word' id='word_1_99' title='bbox 1303 1005 1584 1048; x_wconf 77' lang='lat' dir='ltr'><strong><em>frequententur,</em></strong></span> 
     </span>
     <span class='ocr_line' id='line_1_12' title="bbox 186 1063 1583 1108; baseline 0.001 -11"><span class='ocrx_word' id='word_1_100' title='bbox 186 1074 302 1108; x_wconf 79' lang='lat' dir='ltr'><strong>quas</strong></span> <span class='ocrx_word' id='word_1_101' title='bbox 326 1074 410 1096; x_wconf 74' lang='lat' dir='ltr'><strong>nox</strong></span> <span class='ocrx_word' id='word_1_102' title='bbox 442 1063 664 1108; x_wconf 79' lang='lat' dir='ltr'><strong>coegerit</strong></span> <span class='ocrx_word' id='word_1_103' title='bbox 699 1063 838 1097; x_wconf 82' lang='lat' dir='ltr'><strong>sedes</strong></span> <span class='ocrx_word' id='word_1_104' title='bbox 861 1064 1014 1104; x_wconf 80' lang='lat' dir='ltr'><strong>habent‚-</strong></span> <span class='ocrx_word' id='word_1_105' title='bbox 1045 1074 1129 1098; x_wconf 88' lang='lat' dir='ltr'><strong>nam</strong></span> <span class='ocrx_word' id='word_1_106' title='bbox 1154 1063 1206 1098; x_wconf 88' lang='lat' dir='ltr'><strong>ibi</strong></span> <span class='ocrx_word' id='word_1_107' title='bbox 1229 1074 1368 1108; x_wconf 87' lang='lat' dir='ltr'><strong>quoque</strong></span> <span class='ocrx_word' id='word_1_108' title='bbox 1390 1064 1460 1098; x_wconf 89' lang='lat' dir='ltr'><strong>duo</strong></span> <span class='ocrx_word' id='word_1_109' title='bbox 1483 1063 1583 1098; x_wconf 89' lang='lat' dir='ltr'><strong>codd.</strong></span> 
     </span>
     <span class='ocr_line' id='line_1_13' title="bbox 185 1121 1583 1170; baseline 0.001 -15"><span class='ocrx_word' id='word_1_110' title='bbox 185 1133 258 1167; x_wconf 80' lang='lat' dir='ltr'><strong>qna</strong></span> <span class='ocrx_word' id='word_1_111' title='bbox 285 1121 462 1158; x_wconf 86' lang='lat' dir='ltr'><strong>exhibent.</strong></span> <span class='ocrx_word' id='word_1_112' title='bbox 508 1123 606 1158; x_wconf 86' lang='lat' dir='ltr'>Idem</span> <span class='ocrx_word' id='word_1_113' title='bbox 630 1124 780 1158; x_wconf 85' lang='lat' dir='ltr'><strong>fortasse</strong></span> <span class='ocrx_word' id='word_1_114' title='bbox 803 1124 898 1159; x_wconf 86' lang='lat' dir='ltr'><strong>valet</strong></span> <span class='ocrx_word' id='word_1_115' title='bbox 920 1125 963 1159; x_wconf 90' lang='lat' dir='ltr'><strong>de</strong></span> <span class='ocrx_word' id='word_1_116' title='bbox 986 1124 1229 1170; x_wconf 82' lang='lat' dir='ltr'><strong>Hieronymo,</strong></span> <span class='ocrx_word' id='word_1_117' title='bbox 1263 1124 1324 1169; x_wconf 84' lang='lat' dir='ltr'><strong>qui</strong></span> <span class='ocrx_word' id='word_1_118' title='bbox 1358 1124 1395 1158; x_wconf 89' lang='lat' dir='ltr'><strong>in</strong></span> <span class='ocrx_word' id='word_1_119' title='bbox 1425 1125 1492 1168; x_wconf 86' lang='lat' dir='ltr'><strong>Ep.</strong></span> <span class='ocrx_word' id='word_1_120' title='bbox 1524 1124 1583 1168; x_wconf 84' lang='lat' dir='ltr'><strong>lv,</strong></span> 
     </span>
     <span class='ocr_line' id='line_1_14' title="bbox 185 1183 1583 1231; baseline 0 -13"><span class='ocrx_word' id='word_1_121' title='bbox 185 1183 222 1218; x_wconf 80' lang='lat'><strong>3.</strong></span> <span class='ocrx_word' id='word_1_122' title='bbox 245 1183 338 1218; x_wconf 86' lang='lat' dir='ltr'><strong>haec</strong></span> <span class='ocrx_word' id='word_1_123' title='bbox 359 1184 486 1219; x_wconf 80' lang='lat' dir='ltr'><strong>habet:</strong></span> <span class='ocrx_word' id='word_1_124' title='bbox 511 1186 572 1230; x_wconf 60' lang='lat' dir='ltr'><strong>qui</strong></span> <span class='ocrx_word' id='word_1_125' title='bbox 590 1185 800 1219; x_wconf 78' lang='lat' dir='ltr'><strong>habitabunt</strong></span> <span class='ocrx_word' id='word_1_126' title='bbox 818 1185 855 1219; x_wconf 85' lang='lat' dir='ltr'><strong>in</strong></span> <span class='ocrx_word' id='word_1_127' title='bbox 875 1186 1050 1230; x_wconf 78' lang='lat' dir='ltr'><strong>tentoriis,</strong></span> <span class='ocrx_word' id='word_1_128' title='bbox 1077 1191 1112 1220; x_wconf 87' lang='lat' dir='ltr'><strong>et</strong></span> <span class='ocrx_word' id='word_1_129' title='bbox 1141 1197 1255 1231; x_wconf 79' lang='lat' dir='ltr'><strong>quas</strong></span> <span class='ocrx_word' id='word_1_130' title='bbox 1286 1196 1368 1220; x_wconf 69' lang='grc' dir='ltr'><strong>ποει-</strong></span> <span class='ocrx_word' id='word_1_131' title='bbox 1402 1195 1583 1229; x_wconf 78' lang='lat' dir='ltr'><strong>eompu-</strong></span> 
     </span>
     <span class='ocr_line' id='line_1_15' title="bbox 186 1244 1584 1291; baseline -0.001 -12"><span class='ocrx_word' id='word_1_132' title='bbox 186 1246 314 1280; x_wconf 81' lang='lat' dir='ltr'><strong>lerat</strong></span> <span class='ocrx_word' id='word_1_133' title='bbox 336 1245 466 1279; x_wconf 84' lang='lat' dir='ltr'><strong>sedes</strong></span> <span class='ocrx_word' id='word_1_134' title='bbox 490 1246 748 1287; x_wconf 78' lang='lat' dir='ltr'><strong><em>habebant,</em></strong></span> <span class='ocrx_word' id='word_1_135' title='bbox 774 1245 842 1279; x_wconf 88' lang='lat' dir='ltr'><strong>nisi</strong></span> <span class='ocrx_word' id='word_1_136' title='bbox 865 1245 922 1280; x_wconf 90' lang='lat' dir='ltr'><strong>his</strong></span> <span class='ocrx_word' id='word_1_137' title='bbox 947 1246 1154 1281; x_wconf 78' lang='lat' dir='ltr'><strong>testimoniis</strong></span> <span class='ocrx_word' id='word_1_138' title='bbox 1178 1248 1370 1291; x_wconf 86' lang='lat' dir='ltr'><strong>probatur,</strong></span> <span class='ocrx_word' id='word_1_139' title='bbox 1404 1244 1482 1279; x_wconf 86' lang='lat' dir='ltr'><strong>iam</strong></span> <span class='ocrx_word' id='word_1_140' title='bbox 1505 1255 1584 1279; x_wconf 89' lang='lat' dir='ltr'><strong>ma-</strong></span> 
     </span>
     <span class='ocr_line' id='line_1_16' title="bbox 184 1305 1583 1350; baseline 0 -11"><span class='ocrx_word' id='word_1_141' title='bbox 184 1308 264 1340; x_wconf 83' lang='lat' dir='ltr'><strong>ture</strong></span> <span class='ocrx_word' id='word_1_142' title='bbox 294 1305 330 1339; x_wconf 83' lang='lat' dir='ltr'><strong>in</strong></span> <span class='ocrx_word' id='word_1_143' title='bbox 364 1306 525 1341; x_wconf 70' lang='lat' dir='ltr'><strong>Sallustii</strong></span> <span class='ocrx_word' id='word_1_144' title='bbox 557 1307 657 1343; x_wconf 87' lang='lat' dir='ltr'><strong>codd.</strong></span> <span class='ocrx_word' id='word_1_145' title='bbox 691 1305 819 1350; x_wconf 88' lang='lat' dir='ltr'><strong>quibus</strong></span> <span class='ocrx_word' id='word_1_146' title='bbox 851 1306 906 1340; x_wconf 89' lang='lat' dir='ltr'><strong>illi</strong></span> <span class='ocrx_word' id='word_1_147' title='bbox 930 1306 985 1341; x_wconf 89' lang='lat' dir='ltr'><strong>usi</strong></span> <span class='ocrx_word' id='word_1_148' title='bbox 1017 1310 1117 1350; x_wconf 88' lang='lat' dir='ltr'><strong>sunt,</strong></span> <span class='ocrx_word' id='word_1_149' title='bbox 1141 1319 1263 1342; x_wconf 84' lang='lat' dir='ltr'><strong>veram</strong></span> <span class='ocrx_word' id='word_1_150' title='bbox 1286 1306 1499 1350; x_wconf 79' lang='lat' dir='ltr'><strong>scripturam</strong></span> <span class='ocrx_word' id='word_1_151' title='bbox 1524 1306 1583 1339; x_wconf 84' lang='lat' dir='ltr'><strong>de-</strong></span> 
     </span>
     <span class='ocr_line' id='line_1_17' title="bbox 183 1366 1584 1413; baseline -0.001 -12"><span class='ocrx_word' id='word_1_152' title='bbox 183 1370 371 1412; x_wconf 80' lang='lat' dir='ltr'><strong>pravatam</strong></span> <span class='ocrx_word' id='word_1_153' title='bbox 394 1366 512 1401; x_wconf 79' lang='lat' dir='ltr'><strong>fuisse.</strong></span> <span class='ocrx_word' id='word_1_154' title='bbox 560 1368 676 1412; x_wconf 87' lang='lat' dir='ltr'><strong>Saepe</strong></span> <span class='ocrx_word' id='word_1_155' title='bbox 698 1370 823 1402; x_wconf 52' lang='lat' dir='ltr'><strong>autem*</strong></span> <span class='ocrx_word' id='word_1_156' title='bbox 843 1379 913 1412; x_wconf 77' lang='lat' dir='ltr'><strong>qua</strong></span> <span class='ocrx_word' id='word_1_157' title='bbox 939 1368 1099 1403; x_wconf 86' lang='lat' dir='ltr'><strong>adverbii</strong></span> <span class='ocrx_word' id='word_1_158' title='bbox 1122 1372 1292 1413; x_wconf 79' lang='lat' dir='ltr'><strong>potestate</strong></span> <span class='ocrx_word' id='word_1_159' title='bbox 1314 1367 1468 1412; x_wconf 88' lang='lat' dir='ltr'><strong>positum</strong></span> <span class='ocrx_word' id='word_1_160' title='bbox 1490 1366 1584 1401; x_wconf 81' lang='lat' dir='ltr'><strong>male</strong></span> 
     </span>
     <span class='ocr_line' id='line_1_18' title="bbox 183 1427 1582 1477; baseline 0.001 -16"><span class='ocrx_word' id='word_1_161' title='bbox 183 1427 352 1462; x_wconf 81' lang='lat' dir='ltr'><strong>habuisse</strong></span> <span class='ocrx_word' id='word_1_162' title='bbox 381 1427 568 1471; x_wconf 79' lang='lat' dir='ltr'><strong>librarios,</strong></span> <span class='ocrx_word' id='word_1_163' title='bbox 600 1428 821 1477; x_wconf 84' lang='lat' dir='ltr'><strong>notissimum</strong></span> <span class='ocrx_word' id='word_1_164' title='bbox 858 1432 932 1470; x_wconf 78' lang='lat' dir='ltr'><strong>est3</strong></span> <span class='ocrx_word' id='word_1_165' title='bbox 968 1439 1003 1463; x_wconf 72' lang='lat' dir='ltr'><strong>V.</strong></span> <span class='ocrx_word' id='word_1_166' title='bbox 1029 1429 1251 1474; x_wconf 81' lang='lat' dir='ltr'><strong>Oudendorp.</strong></span> <span class='ocrx_word' id='word_1_167' title='bbox 1277 1430 1322 1464; x_wconf 85' lang='lat' dir='ltr'><strong>ad</strong></span> <span class='ocrx_word' id='word_1_168' title='bbox 1349 1430 1448 1464; x_wconf 83' lang='lat' dir='ltr'><strong>Caes.</strong></span> <span class='ocrx_word' id='word_1_169' title='bbox 1471 1429 1515 1463; x_wconf 93' lang='lat' dir='ltr'><strong>B.</strong></span> <span class='ocrx_word' id='word_1_170' title='bbox 1537 1429 1582 1463; x_wconf 81' lang='lat' dir='ltr'><strong>G.</strong></span> 
     </span>
     <span class='ocr_line' id='line_1_19' title="bbox 183 1488 1580 1533; baseline 0 -10"><span class='ocrx_word' id='word_1_171' title='bbox 183 1488 225 1531; x_wconf 86' lang='grc' dir='ltr'><strong>Ι,</strong></span> <span class='ocrx_word' id='word_1_172' title='bbox 249 1488 294 1531; x_wconf 87' lang='grc'><strong>6,</strong></span> <span class='ocrx_word' id='word_1_173' title='bbox 318 1489 352 1523; x_wconf 92' lang='lat'><strong>1.</strong></span> <span class='ocrx_word' id='word_1_174' title='bbox 376 1490 421 1524; x_wconf 80' lang='lat' dir='ltr'><strong>ad</strong></span> <span class='ocrx_word' id='word_1_175' title='bbox 443 1489 497 1531; x_wconf 82' lang='lat' dir='ltr'><strong>II,</strong></span> <span class='ocrx_word' id='word_1_176' title='bbox 521 1488 562 1533; x_wconf 83' lang='lat' dir='ltr'><strong>S,</strong></span> <span class='ocrx_word' id='word_1_177' title='bbox 587 1488 622 1523; x_wconf 81' lang='grc'><strong>5.</strong></span> <span class='ocrx_word' id='word_1_178' title='bbox 671 1490 936 1525; x_wconf 83' lang='lat' dir='ltr'><strong>Drakenborch.</strong></span> <span class='ocrx_word' id='word_1_179' title='bbox 971 1490 1027 1524; x_wconf 84' lang='lat' dir='ltr'><strong>ad.</strong></span> <span class='ocrx_word' id='word_1_180' title='bbox 1061 1490 1140 1525; x_wconf 78' lang='lat' dir='ltr'><strong>Liv.</strong></span> <span class='ocrx_word' id='word_1_181' title='bbox 1173 1491 1224 1533; x_wconf 89' lang='lat' dir='ltr'><strong>V,</strong></span> <span class='ocrx_word' id='word_1_182' title='bbox 1252 1489 1325 1532; x_wconf 80' lang='grc'><strong>43,</strong></span> <span class='ocrx_word' id='word_1_183' title='bbox 1347 1489 1382 1524; x_wconf 83' lang='grc'><strong>2.</strong></span> <span class='ocrx_word' id='word_1_184' title='bbox 1409 1493 1444 1524; x_wconf 78' lang='lat' dir='ltr'><strong>et</strong></span> <span class='ocrx_word' id='word_1_185' title='bbox 1466 1490 1511 1524; x_wconf 85' lang='lat' dir='ltr'><strong>ad</strong></span> <span class='ocrx_word' id='word_1_186' title='bbox 1535 1490 1580 1533; x_wconf 82' lang='lat' dir='ltr'><strong>X,</strong></span> 
     </span>
     <span class='ocr_line' id='line_1_20' title="bbox 184 1549 1581 1596; baseline -0.001 -11"><span class='ocrx_word' id='word_1_187' title='bbox 184 1549 249 1592; x_wconf 90' lang='grc'><strong>14,</strong></span> <span class='ocrx_word' id='word_1_188' title='bbox 274 1550 308 1584; x_wconf 75' lang='lat'><strong>4.</strong></span> <span class='ocrx_word' id='word_1_189' title='bbox 342 1550 556 1595; x_wconf 85' lang='lat' dir='ltr'><strong>Heusinger.</strong></span> <span class='ocrx_word' id='word_1_190' title='bbox 583 1550 629 1584; x_wconf 89' lang='lat' dir='ltr'><strong>ad</strong></span> <span class='ocrx_word' id='word_1_191' title='bbox 652 1549 726 1584; x_wconf 88' lang='lat' dir='ltr'><strong>Cic.</strong></span> <span class='ocrx_word' id='word_1_192' title='bbox 751 1550 794 1583; x_wconf 91' lang='lat' dir='ltr'><strong>de</strong></span> <span class='ocrx_word' id='word_1_193' title='bbox 817 1549 891 1584; x_wconf 85' lang='lat' dir='ltr'><strong>off.</strong></span> <span class='ocrx_word' id='word_1_194' title='bbox 918 1550 990 1592; x_wconf 90' lang='lat'><strong>111,</strong></span> <span class='ocrx_word' id='word_1_195' title='bbox 1013 1550 1081 1594; x_wconf 88' lang='grc'><strong>25,</strong></span> <span class='ocrx_word' id='word_1_196' title='bbox 1103 1552 1139 1586; x_wconf 82' lang='grc'><strong>2.</strong></span> <span class='ocrx_word' id='word_1_197' title='bbox 1163 1552 1245 1586; x_wconf 92' lang='lat' dir='ltr'><strong>coll.</strong></span> <span class='ocrx_word' id='word_1_198' title='bbox 1273 1550 1339 1596; x_wconf 84' lang='lat' dir='ltr'><strong>iis,</strong></span> <span class='ocrx_word' id='word_1_199' title='bbox 1362 1561 1454 1594; x_wconf 89' lang='lat' dir='ltr'><strong>quae</strong></span> <span class='ocrx_word' id='word_1_200' title='bbox 1475 1554 1581 1584; x_wconf 84' lang='lat' dir='ltr'><strong>nota-</strong></span> 
     </span>
     <span class='ocr_line' id='line_1_21' title="bbox 183 1611 1582 1656; baseline -0.001 -10"><span class='ocrx_word' id='word_1_201' title='bbox 183 1612 300 1646; x_wconf 81' lang='lat' dir='ltr'><strong>vimus</strong></span> <span class='ocrx_word' id='word_1_202' title='bbox 324 1612 370 1646; x_wconf 85' lang='lat' dir='ltr'><strong>ad</strong></span> <span class='ocrx_word' id='word_1_203' title='bbox 393 1612 470 1649; x_wconf 88' lang='lat' dir='ltr'><strong>Cat.</strong></span> <span class='ocrx_word' id='word_1_204' title='bbox 498 1612 610 1654; x_wconf 71' lang='lat' dir='ltr'><strong>nvn,</strong></span> <span class='ocrx_word' id='word_1_205' title='bbox 633 1611 668 1647; x_wconf 86' lang='lat'><strong>3.</strong></span> <span class='ocrx_word' id='word_1_206' title='bbox 699 1611 770 1645; x_wconf 86' lang='lat' dir='ltr'><strong>Sed</strong></span> <span class='ocrx_word' id='word_1_207' title='bbox 794 1611 903 1646; x_wconf 87' lang='lat' dir='ltr'><strong>etiam</strong></span> <span class='ocrx_word' id='word_1_208' title='bbox 926 1611 1034 1646; x_wconf 89' lang='lat' dir='ltr'><strong>totius</strong></span> <span class='ocrx_word' id='word_1_209' title='bbox 1056 1613 1127 1646; x_wconf 89' lang='lat' dir='ltr'><strong>loci</strong></span> <span class='ocrx_word' id='word_1_210' title='bbox 1150 1623 1290 1656; x_wconf 75' lang='lat' dir='ltr'><strong>sensus,</strong></span> <span class='ocrx_word' id='word_1_211' title='bbox 1315 1614 1478 1646; x_wconf 85' lang='lat' dir='ltr'><strong>accurate</strong></span> <span class='ocrx_word' id='word_1_212' title='bbox 1500 1621 1582 1644; x_wconf 85' lang='lat' dir='ltr'><strong>eon-</strong></span> 
     </span>
     <span class='ocr_line' id='line_1_22' title="bbox 184 1672 1582 1719; baseline 0.001 -13"><span class='ocrx_word' id='word_1_213' title='bbox 184 1672 358 1707; x_wconf 85' lang='lat' dir='ltr'><strong>sideratus</strong></span> <span class='ocrx_word' id='word_1_214' title='bbox 373 1697 384 1714; x_wconf 91' lang='lat'><strong><em>‚</em></strong></span> <span class='ocrx_word' id='word_1_215' title='bbox 417 1673 520 1708; x_wconf 88' lang='lat' dir='ltr'><strong>docet</strong></span> <span class='ocrx_word' id='word_1_216' title='bbox 548 1684 657 1718; x_wconf 81' lang='lat' dir='ltr'><strong>quas,</strong></span> <span class='ocrx_word' id='word_1_217' title='bbox 691 1684 799 1717; x_wconf 87' lang='lat' dir='ltr'><strong>quam</strong></span> <span class='ocrx_word' id='word_1_218' title='bbox 831 1673 1041 1717; x_wconf 83' lang='lat' dir='ltr'><strong>scripturam</strong></span> <span class='ocrx_word' id='word_1_219' title='bbox 1065 1672 1298 1716; x_wconf 87' lang='lat' dir='ltr'><strong>Gerlachius,</strong></span> <span class='ocrx_word' id='word_1_220' title='bbox 1322 1673 1465 1719; x_wconf 82' lang='lat' dir='ltr'><strong>elegans</strong></span> <span class='ocrx_word' id='word_1_221' title='bbox 1485 1672 1582 1707; x_wconf 85' lang='lat' dir='ltr'><strong>criti-</strong></span> 
     </span>
     <span class='ocr_line' id='line_1_23' title="bbox 184 1732 1581 1778; baseline 0 -10"><span class='ocrx_word' id='word_1_222' title='bbox 184 1745 266 1776; x_wconf 87' lang='lat' dir='ltr'><strong>cus,</strong></span> <span class='ocrx_word' id='word_1_223' title='bbox 291 1732 595 1778; x_wconf 84' lang='lat' dir='ltr'><strong>elegantissimam</strong></span> <span class='ocrx_word' id='word_1_224' title='bbox 619 1736 759 1775; x_wconf 88' lang='lat' dir='ltr'><strong>censet,</strong></span> <span class='ocrx_word' id='word_1_225' title='bbox 784 1745 927 1778; x_wconf 82' lang='lat' dir='ltr'><strong>prorsus</strong></span> <span class='ocrx_word' id='word_1_226' title='bbox 951 1733 1106 1768; x_wconf 85' lang='lat' dir='ltr'><strong>alienam</strong></span> <span class='ocrx_word' id='word_1_227' title='bbox 1130 1745 1214 1768; x_wconf 84' lang='lat' dir='ltr'><strong>esse.</strong></span> <span class='ocrx_word' id='word_1_228' title='bbox 1260 1733 1452 1769; x_wconf 79' lang='lat' dir='ltr'><strong>Sallustius</strong></span> <span class='ocrx_word' id='word_1_229' title='bbox 1473 1733 1581 1778; x_wconf 87' lang='lat' dir='ltr'><strong>enim,</strong></span> 
     </span>
     <span class='ocr_line' id='line_1_24' title="bbox 183 1794 1581 1840; baseline -0.001 -9"><span class='ocrx_word' id='word_1_230' title='bbox 183 1798 224 1831; x_wconf 86' lang='lat' dir='ltr'><strong>ut</strong></span> <span class='ocrx_word' id='word_1_231' title='bbox 257 1805 389 1840; x_wconf 86' lang='lat' dir='ltr'><strong>vagam</strong></span> <span class='ocrx_word' id='word_1_232' title='bbox 422 1797 458 1829; x_wconf 86' lang='lat' dir='ltr'><strong>et</strong></span> <span class='ocrx_word' id='word_1_233' title='bbox 489 1807 558 1830; x_wconf 89' lang='lat' dir='ltr'><strong>non</strong></span> <span class='ocrx_word' id='word_1_234' title='bbox 590 1794 695 1830; x_wconf 87' lang='lat' dir='ltr'><strong>certis</strong></span> <span class='ocrx_word' id='word_1_235' title='bbox 723 1794 864 1828; x_wconf 87' lang='lat' dir='ltr'><strong>sedibus</strong></span> <span class='ocrx_word' id='word_1_236' title='bbox 895 1795 1003 1828; x_wconf 85' lang='lat' dir='ltr'><strong>fixam</strong></span> <span class='ocrx_word' id='word_1_237' title='bbox 1035 1795 1189 1839; x_wconf 84' lang='lat' dir='ltr'><strong>Libyum</strong></span> <span class='ocrx_word' id='word_1_238' title='bbox 1223 1794 1332 1829; x_wconf 83' lang='lat' dir='ltr'><strong>vitam</strong></span> <span class='ocrx_word' id='word_1_239' title='bbox 1356 1794 1581 1836; x_wconf 82' lang='lat' dir='ltr'><strong>describeret,</strong></span> 
     </span>
     <span class='ocr_line' id='line_1_25' title="bbox 183 1844 1582 1901; baseline -0.001 -10"><span class='ocrx_word' id='word_1_240' title='bbox 183 1868 298 1901; x_wconf 86' lang='lat' dir='ltr'><strong>neque</strong></span> <span class='ocrx_word' id='word_1_241' title='bbox 321 1856 434 1891; x_wconf 82' lang='lat' dir='ltr'><strong>voluit</strong></span> <span class='ocrx_word' id='word_1_242' title='bbox 457 1844 529 1890; x_wconf 51' lang='lat' dir='ltr'><strong>nec¹</strong></span> <span class='ocrx_word' id='word_1_243' title='bbox 547 1855 664 1901; x_wconf 86' lang='lat' dir='ltr'><strong>potuit</strong></span> <span class='ocrx_word' id='word_1_244' title='bbox 691 1860 856 1890; x_wconf 79' lang='lat' dir='ltr'><strong>naturam</strong></span> <span class='ocrx_word' id='word_1_245' title='bbox 879 1860 912 1889; x_wconf 86' lang='lat' dir='ltr'><strong>et</strong></span> <span class='ocrx_word' id='word_1_246' title='bbox 940 1855 1174 1889; x_wconf 78' lang='lat' dir='ltr'><strong>condicionem</strong></span> <span class='ocrx_word' id='word_1_247' title='bbox 1201 1856 1332 1889; x_wconf 88' lang='lat' dir='ltr'><strong>harum</strong></span> <span class='ocrx_word' id='word_1_248' title='bbox 1364 1855 1500 1888; x_wconf 87' lang='lat' dir='ltr'><strong>sedium</strong></span> <span class='ocrx_word' id='word_1_249' title='bbox 1532 1854 1582 1890; x_wconf 81' lang='lat' dir='ltr'><strong>si-</strong></span> 
     </span>
     <span class='ocr_line' id='line_1_26' title="bbox 183 1915 1581 1965; baseline -0.002 -12"><span class='ocrx_word' id='word_1_250' title='bbox 183 1919 376 1965; x_wconf 87' lang='lat' dir='ltr'><strong>gnificare,</strong></span> <span class='ocrx_word' id='word_1_251' title='bbox 400 1918 461 1953; x_wconf 89' lang='lat' dir='ltr'><strong>sed</strong></span> <span class='ocrx_word' id='word_1_252' title='bbox 486 1919 555 1952; x_wconf 90' lang='lat' dir='ltr'><strong>hoc</strong></span> <span class='ocrx_word' id='word_1_253' title='bbox 577 1917 688 1960; x_wconf 86' lang='lat' dir='ltr'><strong>dixit,</strong></span> <span class='ocrx_word' id='word_1_254' title='bbox 713 1918 824 1951; x_wconf 77' lang='lat' dir='ltr'><strong>locum</strong></span> <span class='ocrx_word' id='word_1_255' title='bbox 847 1927 971 1952; x_wconf 86' lang='lat' dir='ltr'><strong>earum</strong></span> <span class='ocrx_word' id='word_1_256' title='bbox 996 1915 1122 1962; x_wconf 81' lang='lat' dir='ltr'><strong>quavis</strong></span> <span class='ocrx_word' id='word_1_257' title='bbox 1144 1919 1246 1950; x_wconf 89' lang='lat' dir='ltr'><strong>nocte</strong></span> <span class='ocrx_word' id='word_1_258' title='bbox 1269 1916 1378 1950; x_wconf 84' lang='lat' dir='ltr'><strong>alium</strong></span> <span class='ocrx_word' id='word_1_259' title='bbox 1401 1926 1497 1960; x_wconf 87' lang='lat' dir='ltr'><strong>esse,</strong></span> <span class='ocrx_word' id='word_1_260' title='bbox 1521 1915 1581 1950; x_wconf 87' lang='lat' dir='ltr'><strong>eui</strong></span> 
     </span>
     <span class='ocr_line' id='line_1_27' title="bbox 183 1977 790 2025; baseline -0.007 -9"><span class='ocrx_word' id='word_1_261' title='bbox 183 1980 376 2016; x_wconf 83' lang='lat' dir='ltr'><strong>sententiae</strong></span> <span class='ocrx_word' id='word_1_262' title='bbox 399 1991 469 2025; x_wconf 81' lang='lat' dir='ltr'><strong>qua</strong></span> <span class='ocrx_word' id='word_1_263' title='bbox 493 1979 596 2014; x_wconf 90' lang='lat' dir='ltr'><strong>unice</strong></span> <span class='ocrx_word' id='word_1_264' title='bbox 618 1977 790 2013; x_wconf 86' lang='lat' dir='ltr'><strong>convenit.</strong></span> 
     </span>
    </p>

    <p class='ocr_par' dir='ltr' id='par_1_5' title="bbox 182 2037 1582 2820">
     <span class='ocr_line' id='line_1_28' title="bbox 277 2037 1580 2086; baseline -0.002 -10"><span class='ocrx_word' id='word_1_265' title='bbox 277 2044 310 2085; x_wconf 74' lang='lat'><strong>§-</strong></span> <span class='ocrx_word' id='word_1_266' title='bbox 333 2042 368 2076; x_wconf 80' lang='lat'><strong>3.</strong></span> <span class='ocrx_word' id='word_1_267' title='bbox 417 2042 482 2076; x_wconf 85' lang='lat' dir='ltr'><strong>sibi</strong></span> <span class='ocrx_word' id='word_1_268' title='bbox 513 2040 670 2086; x_wconf 76' lang='lat' dir='ltr'><strong>quisque]</strong></span> <span class='ocrx_word' id='word_1_269' title='bbox 705 2041 811 2074; x_wconf 85' lang='lat' dir='ltr'><strong>Deest</strong></span> <span class='ocrx_word' id='word_1_270' title='bbox 847 2039 988 2084; x_wconf 77' lang='lat' dir='ltr'><strong>quisque</strong></span> <span class='ocrx_word' id='word_1_271' title='bbox 1018 2037 1056 2072; x_wconf 87' lang='lat' dir='ltr'><strong>in</strong></span> <span class='ocrx_word' id='word_1_272' title='bbox 1088 2041 1253 2082; x_wconf 88' lang='lat' dir='ltr'><strong>quattuor</strong></span> <span class='ocrx_word' id='word_1_273' title='bbox 1294 2037 1427 2072; x_wconf 84' lang='lat' dir='ltr'><strong>Wassii</strong></span> <span class='ocrx_word' id='word_1_274' title='bbox 1467 2037 1580 2080; x_wconf 67' lang='lat' dir='ltr'><strong>codd„</strong></span> 
     </span>
     <span class='ocr_line' id='line_1_29' title="bbox 183 2098 1579 2140; baseline -0.004 0"><span class='ocrx_word' id='word_1_275' title='bbox 183 2109 260 2140; x_wconf 79' lang='lat' dir='ltr'><strong>tum</strong></span> <span class='ocrx_word' id='word_1_276' title='bbox 292 2103 330 2138; x_wconf 85' lang='lat' dir='ltr'><strong>in</strong></span> <span class='ocrx_word' id='word_1_277' title='bbox 365 2102 486 2137; x_wconf 84' lang='lat' dir='ltr'><strong>Struv.</strong></span> <span class='ocrx_word' id='word_1_278' title='bbox 511 2102 637 2136; x_wconf 83' lang='lat' dir='ltr'><strong>Franc.</strong></span> <span class='ocrx_word' id='word_1_279' title='bbox 665 2101 789 2135; x_wconf 82' lang='lat' dir='ltr'><strong>Guelf.</strong></span> <span class='ocrx_word' id='word_1_280' title='bbox 819 2100 852 2134; x_wconf 79' lang='lat'><strong>4.</strong></span> <span class='ocrx_word' id='word_1_281' title='bbox 876 2099 910 2134; x_wconf 82' lang='grc'><strong>9.</strong></span> <span class='ocrx_word' id='word_1_282' title='bbox 937 2099 994 2134; x_wconf 92' lang='grc'><strong>11.</strong></span> <span class='ocrx_word' id='word_1_283' title='bbox 1019 2098 1076 2133; x_wconf 82' lang='lat'><strong>12.</strong></span> <span class='ocrx_word' id='word_1_284' title='bbox 1101 2099 1221 2134; x_wconf 79' lang='lat' dir='ltr'><strong>Leidd.</strong></span> <span class='ocrx_word' id='word_1_285' title='bbox 1248 2099 1292 2134; x_wconf 89' lang='lat' dir='ltr'><strong>G.</strong></span> <span class='ocrx_word' id='word_1_286' title='bbox 1315 2100 1363 2135; x_wconf 82' lang='lat' dir='ltr'><strong>H.</strong></span> <span class='ocrx_word' id='word_1_287' title='bbox 1392 2102 1427 2134; x_wconf 87' lang='lat' dir='ltr'><strong>ct</strong></span> <span class='ocrx_word' id='word_1_288' title='bbox 1450 2099 1579 2134; x_wconf 80' lang='lat' dir='ltr'><strong>Medic.</strong></span> 
     </span>
     <span class='ocr_line' id='line_1_30' title="bbox 182 2159 1580 2209; baseline -0.003 -9"><span class='ocrx_word' id='word_1_289' title='bbox 182 2167 240 2209; x_wconf 76' lang='lat'><strong>7.,</strong></span> <span class='ocrx_word' id='word_1_290' title='bbox 264 2164 419 2199; x_wconf 82' lang='lat' dir='ltr'><strong>librariis</strong></span> <span class='ocrx_word' id='word_1_291' title='bbox 449 2167 662 2199; x_wconf 87' lang='lat' dir='ltr'><strong>structuram</strong></span> <span class='ocrx_word' id='word_1_292' title='bbox 695 2173 764 2196; x_wconf 88' lang='lat' dir='ltr'><strong>non</strong></span> <span class='ocrx_word' id='word_1_293' title='bbox 803 2159 1095 2205; x_wconf 81' lang='lat' dir='ltr'><strong>intelligentibus,</strong></span> <span class='ocrx_word' id='word_1_294' title='bbox 1159 2160 1296 2195; x_wconf 84' lang='lat' dir='ltr'><strong>Eadem</strong></span> <span class='ocrx_word' id='word_1_295' title='bbox 1334 2171 1458 2196; x_wconf 79' lang='lat' dir='ltr'><strong>caussa</strong></span> <span class='ocrx_word' id='word_1_296' title='bbox 1497 2161 1580 2206; x_wconf 84' lang='lat' dir='ltr'><strong>fuit,</strong></span> 
     </span>
     <span class='ocr_line' id='line_1_31' title="bbox 185 2221 1582 2262; baseline -0.003 0"><span class='ocrx_word' id='word_1_297' title='bbox 185 2239 250 2262; x_wconf 85' lang='lat' dir='ltr'><strong>cur</strong></span> <span class='ocrx_word' id='word_1_298' title='bbox 265 2225 406 2261; x_wconf 86' lang='lat' dir='ltr'><strong>Cortius</strong></span> <span class='ocrx_word' id='word_1_299' title='bbox 429 2226 475 2260; x_wconf 86' lang='lat' dir='ltr'><strong>ad</strong></span> <span class='ocrx_word' id='word_1_300' title='bbox 501 2223 770 2258; x_wconf 86' lang='lat' dir='ltr'><strong>concinnitatem</strong></span> <span class='ocrx_word' id='word_1_301' title='bbox 785 2221 1050 2256; x_wconf 87' lang='lat' dir='ltr'><strong>constructionis</strong></span> <span class='ocrx_word' id='word_1_302' title='bbox 1071 2221 1292 2256; x_wconf 84' lang='lat' dir='ltr'><strong>efficiendam</strong></span> <span class='ocrx_word' id='word_1_303' title='bbox 1316 2234 1359 2258; x_wconf 85' lang='lat' dir='ltr'><strong>ex</strong></span> <span class='ocrx_word' id='word_1_304' title='bbox 1382 2222 1582 2258; x_wconf 81' lang='lat' dir='ltr'><strong>coniectura</strong></span> 
     </span>
     <span class='ocr_line' id='line_1_32' title="bbox 185 2282 1579 2335; baseline -0.003 -13"><span class='ocrx_word' id='word_1_305' title='bbox 185 2289 332 2335; x_wconf 71' lang='lat' dir='ltr'><strong>quique,</strong></span> <span class='ocrx_word' id='word_1_306' title='bbox 366 2287 388 2323; x_wconf 92' lang='lat' dir='ltr'><strong>i.</strong></span> <span class='ocrx_word' id='word_1_307' title='bbox 412 2298 443 2321; x_wconf 87' lang='lat' dir='ltr'><strong>e.</strong></span> <span class='ocrx_word' id='word_1_308' title='bbox 482 2298 636 2332; x_wconf 83' lang='lat' dir='ltr'><strong>quoque,</strong></span> <span class='ocrx_word' id='word_1_309' title='bbox 671 2284 859 2324; x_wconf 87' lang='lat' dir='ltr'><strong>scriberet,</strong></span> <span class='ocrx_word' id='word_1_310' title='bbox 892 2282 1024 2316; x_wconf 86' lang='lat' dir='ltr'><strong>seilicet</strong></span> <span class='ocrx_word' id='word_1_311' title='bbox 1055 2282 1091 2316; x_wconf 88' lang='lat' dir='ltr'><strong>id</strong></span> <span class='ocrx_word' id='word_1_312' title='bbox 1119 2283 1261 2318; x_wconf 88' lang='lat' dir='ltr'><strong>demum</strong></span> <span class='ocrx_word' id='word_1_313' title='bbox 1283 2283 1450 2319; x_wconf 80' lang='lat' dir='ltr'><strong>Latinum</strong></span> <span class='ocrx_word' id='word_1_314' title='bbox 1471 2287 1579 2326; x_wconf 75' lang='lat' dir='ltr'><strong>ratus,</strong></span> 
     </span>
     <span class='ocr_line' id='line_1_33' title="bbox 185 2342 1581 2396; baseline -0.004 -11"><span class='ocrx_word' id='word_1_315' title='bbox 185 2351 280 2396; x_wconf 87' lang='lat' dir='ltr'><strong>quod</strong></span> <span class='ocrx_word' id='word_1_316' title='bbox 303 2350 407 2394; x_wconf 90' lang='lat' dir='ltr'><strong>plane</strong></span> <span class='ocrx_word' id='word_1_317' title='bbox 429 2348 627 2382; x_wconf 88' lang='lat' dir='ltr'><strong>inauditum</strong></span> <span class='ocrx_word' id='word_1_318' title='bbox 651 2351 686 2380; x_wconf 88' lang='lat' dir='ltr'><strong>et</strong></span> <span class='ocrx_word' id='word_1_319' title='bbox 710 2346 807 2379; x_wconf 89' lang='lat' dir='ltr'><strong>nullo</strong></span> <span class='ocrx_word' id='word_1_320' title='bbox 830 2343 989 2387; x_wconf 84' lang='lat' dir='ltr'><strong>exemplo</strong></span> <span class='ocrx_word' id='word_1_321' title='bbox 1014 2342 1212 2377; x_wconf 86' lang='lat' dir='ltr'><strong>stabilitum</strong></span> <span class='ocrx_word' id='word_1_322' title='bbox 1234 2347 1297 2379; x_wconf 89' lang='lat' dir='ltr'><strong>est.</strong></span> <span class='ocrx_word' id='word_1_323' title='bbox 1354 2345 1452 2379; x_wconf 89' lang='lat' dir='ltr'><strong>Idem</strong></span> <span class='ocrx_word' id='word_1_324' title='bbox 1482 2345 1581 2379; x_wconf 83' lang='lat' dir='ltr'><strong>valet</strong></span> 
     </span>
     <span class='ocr_line' id='line_1_34' title="bbox 187 2404 1580 2456; baseline -0.006 -9"><span class='ocrx_word' id='word_1_325' title='bbox 187 2414 231 2447; x_wconf 83' lang='lat' dir='ltr'><strong>de</strong></span> <span class='ocrx_word' id='word_1_326' title='bbox 255 2410 403 2456; x_wconf 58' lang='lat' dir='ltr'><strong>langii,</strong></span> <span class='ocrx_word' id='word_1_327' title='bbox 433 2407 598 2443; x_wconf 86' lang='lat' dir='ltr'><strong>Muelleri</strong></span> <span class='ocrx_word' id='word_1_328' title='bbox 622 2410 657 2441; x_wconf 88' lang='lat' dir='ltr'><strong>et</strong></span> <span class='ocrx_word' id='word_1_329' title='bbox 682 2406 865 2441; x_wconf 87' lang='lat' dir='ltr'><strong>Gerlachii</strong></span> <span class='ocrx_word' id='word_1_330' title='bbox 889 2404 1076 2445; x_wconf 85' lang='lat' dir='ltr'><strong>sententia,</strong></span> <span class='ocrx_word' id='word_1_331' title='bbox 1102 2404 1163 2448; x_wconf 71' lang='lat' dir='ltr'><strong>qui</strong></span> <span class='ocrx_word' id='word_1_332' title='bbox 1187 2406 1328 2450; x_wconf 79' lang='lat' dir='ltr'><strong>quisque</strong></span> <span class='ocrx_word' id='word_1_333' title='bbox 1352 2416 1416 2449; x_wconf 86' lang='lat' dir='ltr'><strong>pro</strong></span> <span class='ocrx_word' id='word_1_334' title='bbox 1440 2406 1580 2450; x_wconf 78' lang='lat' dir='ltr'><strong>quibus-</strong></span> 
     </span>
     <span class='ocr_line' id='line_1_35' title="bbox 184 2465 1579 2519; baseline -0.006 -11"><span class='ocrx_word' id='word_1_335' title='bbox 184 2485 250 2519; x_wconf 80' lang='lat' dir='ltr'><strong>que</strong></span> <span class='ocrx_word' id='word_1_336' title='bbox 273 2472 408 2507; x_wconf 80' lang='lat' dir='ltr'><strong>dictum</strong></span> <span class='ocrx_word' id='word_1_337' title='bbox 431 2473 590 2511; x_wconf 85' lang='lat' dir='ltr'><strong>censent,</strong></span> <span class='ocrx_word' id='word_1_338' title='bbox 613 2468 808 2502; x_wconf 90' lang='lat' dir='ltr'><strong>inconsulto</strong></span> <span class='ocrx_word' id='word_1_339' title='bbox 832 2477 940 2512; x_wconf 87' lang='lat' dir='ltr'><strong>quam</strong></span> <span class='ocrx_word' id='word_1_340' title='bbox 963 2465 1111 2500; x_wconf 80' lang='lat' dir='ltr'><strong>ablativi</strong></span> <span class='ocrx_word' id='word_1_341' title='bbox 1133 2467 1286 2500; x_wconf 80' lang='lat' dir='ltr'><strong>formam</strong></span> <span class='ocrx_word' id='word_1_342' title='bbox 1310 2466 1370 2511; x_wconf 79' lang='lat' dir='ltr'><strong>qui</strong></span> <span class='ocrx_word' id='word_1_343' title='bbox 1391 2465 1579 2500; x_wconf 87' lang='lat' dir='ltr'><strong>relativum</strong></span> 
     </span>
     <span class='ocr_line' id='line_1_36' title="bbox 184 2526 1580 2576; baseline -0.006 -7"><span class='ocrx_word' id='word_1_344' title='bbox 184 2535 294 2570; x_wconf 81' lang='lat' dir='ltr'><strong>habet</strong></span> <span class='ocrx_word' id='word_1_345' title='bbox 330 2532 376 2568; x_wconf 85' lang='lat' dir='ltr'><strong>ad</strong></span> <span class='ocrx_word' id='word_1_346' title='bbox 409 2532 551 2576; x_wconf 80' lang='lat' dir='ltr'><strong>quisque</strong></span> <span class='ocrx_word' id='word_1_347' title='bbox 575 2530 843 2571; x_wconf 77' lang='lat' dir='ltr'><strong>transferentes,</strong></span> <span class='ocrx_word' id='word_1_348' title='bbox 876 2537 987 2570; x_wconf 85' lang='lat' dir='ltr'><strong>neque</strong></span> <span class='ocrx_word' id='word_1_349' title='bbox 1011 2530 1211 2570; x_wconf 86' lang='lat' dir='ltr'><strong>reputantes</strong></span> <span class='ocrx_word' id='word_1_350' title='bbox 1234 2537 1411 2570; x_wconf 87' lang='lat' dir='ltr'><strong>nunquam</strong></span> <span class='ocrx_word' id='word_1_351' title='bbox 1435 2526 1580 2570; x_wconf 82' lang='lat' dir='ltr'><strong>pluralis</strong></span> 
     </span>
     <span class='ocr_line' id='line_1_37' title="bbox 187 2582 1580 2635; baseline -0.006 -5"><span class='ocrx_word' id='word_1_352' title='bbox 187 2594 325 2631; x_wconf 88' lang='lat' dir='ltr'><strong>numeri</strong></span> <span class='ocrx_word' id='word_1_353' title='bbox 353 2591 570 2628; x_wconf 84' lang='lat' dir='ltr'><strong>substantivo</strong></span> <span class='ocrx_word' id='word_1_354' title='bbox 606 2591 780 2635; x_wconf 86' lang='lat' dir='ltr'><strong>pluralem</strong></span> <span class='ocrx_word' id='word_1_355' title='bbox 814 2582 955 2634; x_wconf 72' lang='lat' dir='ltr'><strong>quisque</strong></span> <span class='ocrx_word' id='word_1_356' title='bbox 987 2587 1202 2631; x_wconf 84' lang='lat' dir='ltr'><strong>pronominis</strong></span> <span class='ocrx_word' id='word_1_357' title='bbox 1233 2599 1297 2632; x_wconf 85' lang='lat' dir='ltr'><strong>per</strong></span> <span class='ocrx_word' id='word_1_358' title='bbox 1327 2585 1580 2631; x_wconf 85' lang='lat' dir='ltr'><strong>appositionem</strong></span> 
     </span>
     <span class='ocr_line' id='line_1_38' title="bbox 187 2646 1580 2691; baseline -0.006 0"><span class='ocrx_word' id='word_1_359' title='bbox 187 2655 281 2691; x_wconf 82' lang='lat' dir='ltr'><strong>addi.</strong></span> <span class='ocrx_word' id='word_1_360' title='bbox 327 2653 474 2689; x_wconf 83' lang='lat' dir='ltr'><strong>Rectius</strong></span> <span class='ocrx_word' id='word_1_361' title='bbox 497 2654 540 2687; x_wconf 87' lang='lat' dir='ltr'><strong>de</strong></span> <span class='ocrx_word' id='word_1_362' title='bbox 563 2653 601 2686; x_wconf 89' lang='grc'><strong>11.</strong></span> <span class='ocrx_word' id='word_1_363' title='bbox 626 2654 650 2685; x_wconf 91' lang='lat' dir='ltr'><strong>l.</strong></span> <span class='ocrx_word' id='word_1_364' title='bbox 674 2650 845 2685; x_wconf 84' lang='lat' dir='ltr'><strong>iudicavit</strong></span> <span class='ocrx_word' id='word_1_365' title='bbox 868 2649 1085 2690; x_wconf 60' lang='lat' dir='ltr'><strong>Machaerus,</strong></span> <span class='ocrx_word' id='word_1_366' title='bbox 1111 2647 1172 2691; x_wconf 84' lang='lat' dir='ltr'><strong>qui</strong></span> <span class='ocrx_word' id='word_1_367' title='bbox 1194 2648 1230 2682; x_wconf 90' lang='lat' dir='ltr'><strong>in</strong></span> <span class='ocrx_word' id='word_1_368' title='bbox 1259 2646 1446 2691; x_wconf 87' lang='lat' dir='ltr'><strong>scriptione</strong></span> <span class='ocrx_word' id='word_1_369' title='bbox 1477 2647 1580 2682; x_wconf 86' lang='lat' dir='ltr'><strong>seho-</strong></span> 
     </span>
     <span class='ocr_line' id='line_1_39' title="bbox 189 2707 1578 2755; baseline -0.007 -3"><span class='ocrx_word' id='word_1_370' title='bbox 189 2716 312 2752; x_wconf 81' lang='lat' dir='ltr'><strong>lastica</strong></span> <span class='ocrx_word' id='word_1_371' title='bbox 334 2716 452 2750; x_wconf 82' lang='lat' dir='ltr'><strong>Hot&#39;ae</strong></span> <span class='ocrx_word' id='word_1_372' title='bbox 475 2726 508 2751; x_wconf 87' lang='lat' dir='ltr'><strong>a.</strong></span> <span class='ocrx_word' id='word_1_373' title='bbox 532 2712 624 2748; x_wconf 80' lang='lat'>1828</span> <span class='ocrx_word' id='word_1_374' title='bbox 653 2712 770 2753; x_wconf 82' lang='lat' dir='ltr'><strong>edita,</strong></span> <span class='ocrx_word' id='word_1_375' title='bbox 794 2724 828 2755; x_wconf 87' lang='lat' dir='ltr'><strong>p.</strong></span> <span class='ocrx_word' id='word_1_376' title='bbox 848 2710 891 2743; x_wconf 80' lang='lat'><strong>14</strong></span> <span class='ocrx_word' id='word_1_377' title='bbox 915 2722 989 2753; x_wconf 80' lang='lat' dir='ltr'><strong>sqq.</strong></span> <span class='ocrx_word' id='word_1_378' title='bbox 1013 2707 1220 2743; x_wconf 87' lang='lat' dir='ltr'><strong>nominativi</strong></span> <span class='ocrx_word' id='word_1_379' title='bbox 1244 2708 1435 2753; x_wconf 83' lang='lat' dir='ltr'><strong>singularis</strong></span> <span class='ocrx_word' id='word_1_380' title='bbox 1459 2712 1578 2752; x_wconf 79' lang='lat' dir='ltr'><strong>patro-</strong></span> 
     </span>
     <span class='ocr_line' id='line_1_40' title="bbox 191 2768 1580 2820; baseline -0.006 -8"><span class='ocrx_word' id='word_1_381' title='bbox 191 2777 323 2812; x_wconf 82' lang='lat' dir='ltr'><strong>cinium</strong></span> <span class='ocrx_word' id='word_1_382' title='bbox 346 2775 517 2820; x_wconf 83' lang='lat' dir='ltr'><strong>suscepit,</strong></span> <span class='ocrx_word' id='word_1_383' title='bbox 541 2773 632 2808; x_wconf 83' lang='lat' dir='ltr'><strong>unde</strong></span> <span class='ocrx_word' id='word_1_384' title='bbox 655 2784 745 2816; x_wconf 83' lang='lat' dir='ltr'><strong>quae</strong></span> <span class='ocrx_word' id='word_1_385' title='bbox 770 2771 813 2806; x_wconf 81' lang='grc'><strong>1111</strong></span> <span class='ocrx_word' id='word_1_386' title='bbox 847 2782 920 2804; x_wconf 86' lang='lat' dir='ltr'><strong>rem</strong></span> <span class='ocrx_word' id='word_1_387' title='bbox 956 2769 1088 2804; x_wconf 75' lang='lat' dir='ltr'><strong>faciunt</strong></span> <span class='ocrx_word' id='word_1_388' title='bbox 1118 2768 1313 2813; x_wconf 79' lang='lat' dir='ltr'><strong>petivimus.</strong></span> <span class='ocrx_word' id='word_1_389' title='bbox 1360 2768 1477 2812; x_wconf 79' lang='lat' dir='ltr'><strong>Quum</strong></span> <span class='ocrx_word' id='word_1_390' title='bbox 1503 2769 1580 2803; x_wconf 87' lang='lat' dir='ltr'><strong>vul-</strong></span> 
     </span>
    </p>
   </div>
  </div>
 </body>
</html>
