1716 2996
188 142 275 210 456
563 138 611 182 G.
642 137 971 186 SALLUSTI
999 143 1215 207 chspt

191 261 265 301 cet
310 256 417 315 quia
454 242 689 318 imagines¹
716 271 810 301 non
852 257 1003 304 habeo
1023 292 1036 316 ,
1091 267 1137 305 et
1171 247 1279 321 quia*
1315 262 1426 308 mihi
1467 279 1587 309 nova

192 354 401 399 nobilitas
439 358 522 412 est,
559 358 695 412 quam
714 355 844 399 ‘certe
878 357 1113 416 peperisse
1148 344 1306 405 melius
1337 366 1431 418 est,
1453 375 1589 420 quam

126 437 431 512 &deceptam
468 451 739 512 corrupisse.
807 451 1033 511 Equidem
1080 455 1169 516 ego
1204 472 1295 501 non
1337 450 1523 518 ignore,
1558 459 1594 503 si

198 549 290 593 iam
334 548 444 593 mihi
489 549 770 609 respondere
813 549 972 608 velint,
1006 539 1204 598 vubunde
1224 554 1316 599 ..illis
1349 555 1594 599 facundam

198 650 243 691 et
297 646 599 706 compositam
645 646 894 691 orationem
940 648 1055 696 fore.
1134 649 1251 701 Sed,
1285 652 1331 695 in
1383 667 1594 698 maxumo

198 749 351 788 vostro
387 743 608 789 beneficio
639 743 783 803 quum'
813 745 1021 790 omnibus
1051 746 1160 792 locis
1196 759 1271 793 me
1301 756 1473 808 vosque
1498 765 1596 794 ma-

199 913 351 961 legitur,
388 914 546 957 Cottius,
579 918 768 960 perpetuus
801 927 881 951 osor
916 916 1161 962 pronominum
1197 922 1232 953 et
1263 918 1430 953 orationis
1461 918 1598 963 perspi-

201 988 308 1019 cuae,
337 976 467 1011 omisit.
491 995 538 1001 —
570 976 625 1010 De
654 988 746 1011 nunc
775 977 1018 1021 particula'v.
1049 988 1165 1023 snpra*
1189 980 1233 1014 ad
1261 982 1294 1023 5.
1318 978 1375 1014 13.
1399 998 1445 1005 -
1473 980 1600 1015 Melius

203 1042 255 1072 est
278 1037 398 1072 omnes
421 1036 555 1079 Gortii,
588 1038 774 1072 Gerlachii
797 1043 834 1073 et
855 1039 969 1074 nostri
992 1039 1131 1075 codices
1154 1044 1232 1085 post
1251 1041 1424 1085 peperisse
1445 1041 1602 1080 habent,

205 1099 377 1133 Gruterus
398 1105 503 1140 vero,
535 1099 695 1134 Wassius
725 1103 760 1134 et
783 1101 1084 1146 Havercampius,
1116 1101 1221 1135 nulla'
1246 1101 1421 1135 mentione
1442 1100 1604 1135 codicum

203 1160 321 1202 facta,
345 1159 424 1204 po'st
448 1161 639 1204 corrupisse
658 1161 896 1204 collocarunt,
931 1174 1035 1206 quem
1060 1161 1219 1196 ordinem
1243 1162 1397 1197 Weisius
1419 1161 1527 1196 etiam
1548 1172 1606 1195 re·-

205 1219 308 1264 cepit.
356 1220 396 1253 In
427 1221 506 1264 pari
534 1222 716 1265 utriusque
748 1222 880 1257 ordinis
913 1223 1067 1258 bonitate
1090 1224 1279 1258 maluimus
1301 1223 1413 1269 igitur
1435 1223 1535 1261 codd.
1563 1223 1606 1257 fi-

207 1281 287 1315 dem
312 1280 432 1324 sequi‚
457 1284 685 1324 quamrcoeci
708 1294 828 1329 agere.

301 1344 335 1385 5.
359 1341 419 1376 26.
469 1332 639 1386 Equidem'
672 1343 763 1388 ego]
798 1343 840 1377 v.
868 1344 913 1379 aa
938 1355 969 1379 c.
999 1345 1056 1388 x,
1080 1345 1115 1381 6.
1139 1357 1175 1390 p.
1198 1344 1256 1380 53.
1282 1363 1329 1372 -
1355 1345 1446 1379 Mihi
1469 1345 1608 1379 eortius

211 1403 313 1438 nulla
348 1403 448 1437 codd.
484 1402 695 1437 auctoritate
720 1403 960 1439 *delevitp—
992 1399 1213 1440 Facunda
1254 1407 1368 1441 oratio
1401 1405 1611 1451 intelligitur

209 1475 302 1510 qnae
337 1471 423 1497 cum*
451 1463 628 1508 elegantia
660 1464 840 1508 expedita
860 1469 895 1500 ct
929 1470 1093 1510 prompta
1126 1460 1287 1511 suppetit.
1341 1466 1528 1502 Facundus
1558 1470 1611 1501 est

212 1525 307 1559 enim
334 1524 396 1568 qui
419 1525 578 1558 naturali
595 1525 753 1568 quadam
787 1514 896 1570 pollet
919 1527 1093 1562 facultate
1115 1527 1150 1564 et
1174 1513 1276 1573 copia
1299 1526 1458 1570 dicendi,
1490 1527 1622 1561 cuius--

212 1598 281 1631 que
314 1586 425 1620 verba
459 1585 556 1623 nullo
588 1585 703 1619 studio
735 1587 894 1630 quaesita
916 1588 1077 1631 placeant
1111 1590 1146 1622 et
1168 1589 1308 1633 capiant
1330 1599 1453 1631 aures,
1475 1587 1614 1623 etiamsi

213 1647 373 1682 doctrina
405 1650 442 1681 et
474 1647 638 1680 acumine
664 1635 924 1692 destituantur-3
955 1650 1001 1685 cf.
1027 1661 1059 1683 c.
1076 1650 1190 1692 vXCV,
1215 1649 1250 1685 3.
1277 1650 1349 1692 cll,
1373 1650 1407 1684 4.
1457 1649 1615 1684 Disertus

215 1720 300 1743 vero
329 1712 402 1751 cst,
440 1707 509 1752 qui·
535 1708 718 1763 perspicue
751 1712 787 1744 et
819 1710 971 1744 dilucide
993 1711 1110 1745 dicere
1132 1715 1265 1756 potest,
1298 1711 1349 1746 ita
1373 1716 1413 1744 ut
1434 1710 1616 1745 audientes

216 1775 380 1805 accurate
403 1781 480 1804 rem
502 1769 722 1815 intelligant,
736 1780 857 1814 ‘neque
881 1771 1090 1816 quicquam,
1113 1774 1206 1816 quod
1231 1771 1322 1819 scire
1349 1774 1531 1815 oporteat,
1556 1771 1616 1804 dc-

217 1831 381 1868 siderent.
430 1831 502 1875 Qui
526 1835 644 1866 autem
668 1836 857 1876 utrumque
880 1832 930 1867 ita
954 1832 1157 1878 coniungit,
1181 1837 1221 1866 ut
1242 1843 1311 1882 non
1335 1832 1449 1866 solum
1473 1832 1617 1876 eleg-an·
1678 1855 1690 1860 χ

220 1898 275 1928 ter
299 1897 335 1928 et
359 1892 564 1937 perspicue,
596 1893 657 1931 sed
680 1893 788 1927 etiam
812 1893 973 1938 graviter
996 1898 1031 1928 et
1054 1883 1175 1934 ornate
1198 1893 1318 1936 dicat,
1342 1893 1435 1937 quod
1458 1893 1533 1926 sola
1554 1902 1619 1926 na-

218 1959 299 1990 tura
322 1965 392 1989 non
417 1954 558 1988 efficere
580 1957 710 1998 potest,
735 1954 803 1988 nisi
827 1955 982 1989 studium
1009 1944 1058 1990 et
1072 1965 1130 1989 ars
1154 1954 1320 1999 accedat,
1355 1964 1436 1987 eum
1459 1955 1620 1998 eloquen-

219 2022 290 2052 tem
306 2016 467 2058 'dixeris3
494 2016 540 2049 ct'.
566 2015 641 2049 cic.
665 2015 709 2049 de
732 2014 831 2050 Orat.
857 2016 886 2058 1,
909 2016 966 2055 21,
989 2015 1046 2052 94.
1069 2016 1171 2051 Orat.
1193 2014 1230 2060 5,
1251 2014 1313 2050 18.
1333 2013 1533 2049 Doederlin.
1550 2013 1619 2058 Sy-

219 2088 400 2123 nonymm.
426 2078 503 2112 Lat.
527 2076 605 2110 Vol.
629 2076 686 2112 IV.
718 2087 752 2120 Ρ.
777 2076 822 2111 14
848 2089 923 2121 sqq.
956 2078 1114 2122 Herzog.
1149 2078 1195 2111 ad
1228 2077 1318 2113 Sall.
1342 2076 1445 2111 catil.
1470 2075 1562 2117 10111,
1586 2074 1623 2109 3.

221 2150 255 2183 p.
279 2138 361 2172 332.
386 2137 569 2172 Daehnius
601 2138 646 2171 ad
674 2136 780 2181 Nep„
798 2138 924 2182 Epam.
949 2150 979 2173 c.
1006 2139 1055 2183 V,
1079 2139 1116 2173 1.
1138 2159 1184 2164 -
1221 2136 1487 2184 Composita
1510 2136 1623 2169 oratio

221 2203 314 2244 'qnae
337 2199 408 2242 sit,
441 2199 514 2234 iam
547 2198 699 2233 diximus
721 2198 767 2233 ad
797 2197 874 2234 Cat.
899 2199 956 2243 m,
979 2199 1015 2234 9.
1040 2220 1086 2226 —
1125 2201 1293 2243 Abunde,
1325 2196 1417 2244 quod
1441 2207 1523 2230 cum
1539 2198 1624 2239 fore

223 2261 333 2294 verbo
369 2250 652 2304 coniungendam
683 2262 737 2293 est
760 2259 822 2303 (V.
844 2261 889 2294 ad
913 2260 990 2306 lug.
1023 2261 1100 2305 vu,
1128 2262 1162 2296 6.
1187 2262 1279 2304 xlv,
1303 2260 1393 2301 11.),
1416 2257 1626 2292 Gerlachius

224 2332 413 2366 perperam
442 2321 552 2356 refert
581 2320 625 2355 ad
650 2321 871 2365 facundam,
905 2321 963 2355 cui
996 2322 1049 2356 rei
1082 2325 1118 2357 et
1141 2314 1330 2356 verborum
1354 2317 1539 2371 collocatio
1561 2318 1625 2351 ob-

225 2380 325 2424 stat,¹
347 2383 384 2416 et
417 2381 495 2425 ipsa
527 2393 647 2416 sensus
682 2386 819 2417 natura.
846 2401 891 2407 —
927 2383 947 2416 1
955 2394 979 2416 n
1010 2394 1174 2417 maxumo
1205 2387 1320 2417 vostro
1354 2379 1515 2422 beneficio
1548 2377 1574 2411 i.
1593 2389 1625 2414 e.

228 2454 338 2489 quum
372 2453 583 2477 maxumum
616 2443 828 2478 beneficium
861 2442 952 2478 mihi
976 2443 1213 2485 contuleritis3
1238 2453 1272 2478 v.
1296 2443 1342 2478 ad
1363 2451 1392 2474 c.
1417 2439 1548 2480 XXXI,
1569 2437 1627 2473 24-

231 2503 442 2549 Beneficium
472 2506 589 2536 autem
622 2503 790 2549 intelligit
821 2505 1062 2546 consulatum,
1095 2509 1135 2539 ut
1158 2514 1263 2548 supra
1293 2505 1326 2546 §.
1350 2501 1386 2536 3.
1410 2520 1456 2526 -
1479 2501 1550 2535 Pro
1574 2511 1629 2534 me

230 2569 357 2610 vosque
380 2565 416 2599 in
441 2565 545 2598 Rem.
571 2564 607 2599 2.
642 2568 677 2598 et
708 2566 813 2599 Bern.
839 2565 875 2599 1.
909 2569 961 2599 est
990 2568 1112 2609 meque
1134 2567 1282 2609 vosque,
1315 2562 1408 2607 quod
1430 2561 1530 2595 haud
1552 2571 1629 2595 ma-

213 2628 308 2661 'lum
332 2624 473 2671 quidem
497 2627 550 2659 est
573 2624 626 2668 (v.
650 2624 706 2658 ad.
721 2625 766 2666 X,
790 2625 845 2669 2.)
860 2649 870 2668 ‚
893 2625 953 2658 sed
967 2627 1047 2658 'non
1073 2627 1161 2667 tale,
1195 2628 1234 2659 ut
1255 2624 1428 2671 vulgatae
1450 2622 1632 2667 praefera-

233 2692 303 2723 tur.
328 2706 373 2712 —
396 2686 556 2721 Reticere
578 2696 660 2719 cum
684 2684 820 2719 maiore
850 2684 888 2718 vi
910 2684 1044 2718 dictum
1076 2693 1183 2726 quam
1205 2687 1345 2724 tacere,
1375 2683 1553 2730 significat
1577 2688 1634 2718 ta-

238 2747 347 2782 cendo
363 2757 426 2789 ea,
450 2757 540 2791 quae
563 2745 709 2780 dicenda
732 2747 854 2786 erant,
878 2746 1027 2780 retin'ere
1051 2749 1086 2779 ct
1107 2744 1209 2788 quasi
1223 2746 1437 2790 *reprimam
1459 2746 1505 2780 ct'.
1528 2736 1636 2790 snpra
