1702 2982
161 198 245 240 118
522 192 572 238 C.
608 192 939 238 SALLUSTI
969 189 1199 237 CRISPI

299 310 424 357 XIX.
468 312 635 357 Postea
668 311 921 357 Phoenices
931 346 946 371 ,
991 309 1063 355 alii
1099 304 1387 355 multitudinis
1434 306 1560 353 domi

169 409 436 455 minuendae
489 409 659 470 gratia,
710 424 816 471 pars
871 408 1035 470 imperi
1080 405 1292 468 cupidine
1329 405 1563 451 sollicitata

166 506 307 568 plebe
350 512 396 552 et
443 505 563 564 aliiS,
608 521 825 552 novarum
867 520 1020 552 rerum
1073 502 1239 563 avidis,
1281 503 1563 565 Hipponem,

168 668 212 692 eo
243 659 415 704 augetur,
449 656 544 701 quod
574 655 612 691 in
645 656 764 691 eodem
795 656 965 691 orationis
987 655 1138 691 membro
1162 652 1319 699 sequitur
1356 652 1562 698 perfectum,

168 727 282 760 neque
312 715 483 751 afferendi
514 715 636 751 Cottio
666 719 768 752 eraut
795 717 884 751 tales
914 716 1008 760 loci,
1034 715 1097 751 ubi
1129 715 1255 751 infinit.
1286 725 1310 750 a
1331 714 1443 749 verbo
1464 713 1564 748 finito

168 777 446 822 interpunctione
466 776 604 812 maiore
626 777 862 824 disiungitur,
896 781 936 813 ut
959 778 1036 813 Cat.
1061 777 1170 820 XXI,
1202 777 1237 812 4.
1261 778 1298 811 et
1317 775 1397 821 Ing·-
1420 774 1508 816 XV,
1529 774 1565 808 2.

167 838 328 883 Denique
349 839 387 874 in
409 841 575 884 promptu
597 841 651 873 est
673 838 808 874 scribas
830 838 972 874 facilius
994 851 1038 874 ex
1061 849 1206 884 coegere
1227 837 1394 873 aberrare
1416 834 1568 881 potuisse

168 900 206 935 iu
229 911 376 947 cogere,
401 911 509 945 quam
531 902 665 934 contra.
688 917 736 924 —
758 900 829 935 Pro
849 911 1008 946 possessa
1035 904 1087 934 est
1121 898 1204 933 Sen.
1225 898 1261 933 2.
1285 901 1321 933 et
1350 898 1478 931 chss.
1507 896 1566 930 ob·

170 973 266 997 sessa
297 967 373 1005 est,
405 960 532 997 scribis
561 960 662 995 verbi
694 961 868 996 rationem
899 973 969 997 non
1000 960 1240 1007 capientibus,
1263 969 1372 1003 quam
1394 958 1567 1003 explicavi

171 1023 219 1059 ad
251 1035 283 1058 c.
311 1023 411 1066 XVI,
442 1021 478 1058 5.
509 1041 558 1048 —-
590 1022 860 1057 Concedere
889 1022 927 1056 in
952 1014 1094 1068 gentem
1125 1019 1269 1065 proprie
1298 1019 1482 1061 dicuntur,
1505 1018 1567 1063 qui

171 1084 253 1120 aliis
267 1084 416 1119 subiecti
430 1095 512 1119 cum
527 1083 572 1118 iis
590 1082 691 1128 quasi
714 1083 932 1126 coalescunt3
957 1083 1005 1121 cf.
1024 1081 1202 1116 Drakenb.
1219 1080 1265 1115 ad
1279 1078 1358 1114 Iaiv.
1373 1078 1569 1122 XXXVIII,

171 1145 240 1190 16,
263 1145 298 1181 9.
322 1146 462 1188 XXIX,
485 1144 550 1188 29,
574 1144 633 1179 1⁰.
659 1144 831 1186 XXXIX,
855 1144 897 1187 2,
920 1143 955 1179 4.
978 1143 1100 1178 lustin.
1120 1142 1192 1185 lv,
1211 1141 1248 1176 2.

263 1208 361 1242 XIX.
410 1209 444 1251 §.
477 1207 512 1241 1.
561 1206 768 1248 Phoenices,
808 1205 874 1239 alii
912 1225 959 1231 —-
983 1204 1095 1250 pars]
1129 1203 1170 1237 In
1199 1200 1370 1247 partifiva
1399 1201 1570 1237 sententia

170 1269 381 1304 Sallustium
403 1277 510 1311 saepe
533 1266 651 1300 alii-
662 1277 748 1310 pars
770 1277 834 1310 pro
856 1265 1040 1310 geminato
1070 1265 1136 1298 alii
1167 1263 1284 1297 dicere
1315 1262 1489 1298 monitum
1517 1267 1571 1298 est

170 1329 217 1365 ad
240 1329 318 1363 Cat.
343 1328 400 1370 11,
424 1327 458 1361 1.
483 1326 553 1361 Sed
577 1327 669 1370 quod
692 1326 846 1370 partium
868 1325 1118 1371 significationi
1147 1335 1217 1359 nou
1249 1321 1469 1369 genitivum,
1499 1332 1571 1366 quo
1591 1342 1599 1349 -

171 1401 235 1424 eae
259 1388 620 1434 comprehendantur,
645 1388 707 1422 sed
729 1387 987 1422 nominativum
1020 1384 1222 1432 praemisit,
1255 1384 1331 1418 eius
1365 1382 1420 1417 rei
1447 1395 1572 1418 caussa

171 1450 262 1485 haec
285 1453 358 1491 est,
389 1449 483 1494 quod
506 1449 700 1493 respiciens
722 1448 768 1484 ad
799 1448 983 1493 superiora
1015 1452 1104 1483 totos
1135 1445 1282 1491 populos
1317 1443 1386 1478 sibi
1415 1444 1571 1488 opponit,

172 1511 225 1545 ita
257 1513 297 1545 ut
329 1509 465 1552 Persis,
501 1509 617 1544 Medis
650 1512 687 1544 et
725 1509 902 1544 Armeniis
933 1507 1167 1554 respondeant
1202 1506 1398 1540 Phoenices.
1453 1505 1574 1549 Quare

174 1571 349 1617 primaria
378 1570 550 1607 sententia
583 1581 654 1604 non
682 1571 808 1614 pendet
841 1581 886 1604 ex
911 1570 1058 1604 vocibus
1094 1569 1159 1603 ulii
1179 1586 1227 1593 -
1241 1577 1346 1612 pars,
1369 1576 1461 1610 quae
1482 1565 1574 1603 ratio

175 1633 310 1667 valeret
330 1632 488 1677 genitivo
511 1633 754 1673 antecedente,
778 1631 839 1666 sed
862 1631 977 1676 potius
1000 1642 1043 1665 ex
1065 1630 1250 1665 um‘versae
1277 1626 1396 1673 gentis
1423 1626 1575 1669 nonnae,

177 1692 237 1727 cui
268 1692 448 1737 sequentia
479 1704 543 1738 per
565 1692 822 1737 appositionem
850 1693 970 1728 addita
991 1695 1093 1734 sunt,
1117 1694 1157 1725 ut
1179 1689 1300 1725 statim
1321 1691 1402 1732 post
1426 1690 1463 1722 et
1483 1690 1518 1731 §-
1538 1686 1575 1723 5.

178 1754 308 1789 iterum
335 1754 489 1796 factum3
511 1754 560 1790 cf.
593 1765 626 1788 c.
657 1754 707 1796 L,
741 1753 777 1790 4.
809 1754 1069 1795 Numidae,
1105 1753 1171 1787 alii
1190 1755 1384 1797 postremos
1416 1749 1575 1792 caedere,

178 1825 292 1860 pars
315 1826 339 1848 a
363 1815 506 1851 sinistra
537 1827 580 1850 ac
608 1815 754 1849 dextera
783 1819 944 1856 ἱρηίων-ε,-
969 1814 1075 1856 XIV,
1100 1812 1158 1847 15.
1193 1811 1322 1850 XLVI,
1345 1808 1380 1844 4.
1404 1810 1516 1852 nvn,
1540 1809 1576 1846 4.

180 1875 278 1918 cw,
300 1875 335 1910 3.
359 1876 529 1921 LXXIV,
553 1876 590 1912 1.
613 1875 688 1910 Cat.
713 1876 767 1918 n,
792 1876 827 1911 1.
851 1876 988 1911 Eodem
1010 1874 1116 1909 modo
1139 1872 1258 1908 Tacit.
1279 1872 1370 1906 Anu.
1393 1871 1495 1914 XIV,
1517 1872 1577 1914 23,

179 1937 217 1971 2.
253 1937 480 1981 Barbari,
509 1949 574 1983 pro
601 1938 743 1983 ingenio
768 1939 928 1983 quisque,
960 1936 1048 1971 alii
1075 1945 1194 1980 preces
1219 1934 1365 1978 offerre,
1389 1933 1578 1976 qnidam

182 1999 341 2034 deserere
356 1999 458 2034 vicos.
479 2018 526 2025 -
545 1999 595 2034 Et
617 1999 700 2033 aliis
714 2010 884 2033 novarum
904 2009 1022 2032 rerum
1042 1995 1158 2030 avidis
1174 1996 1287 2028 exstat
1309 1993 1347 2028 in
1367 1994 1455 2029 Naz-
1472 1995 1580 2030 Com-

182 2060 266 2095 mel.
291 2060 376 2097 Bas.
402 2060 436 2097 1.
470 2058 613 2095 Fabric.
635 2058 670 2093 1.
695 2069 718 2093 a
739 2070 787 2095 m.
811 2070 865 2103 pr.
889 2057 987 2093 Iaeid.
1011 2057 1054 2092 L.
1077 2055 1168 2101 Teg.
1193 2054 1344 2090 Goerlit.
1377 2055 1459 2091 Seu.
1483 2057 1517 2091 1.
1541 2058 1577 2092 2.

184 2132 227 2156 ac
258 2125 440 2166 praeterea
472 2120 510 2155 iu
542 2120 665 2156 multis
696 2119 831 2162 Cortii,
861 2117 1137 2162 Havercampii‚
1180 2115 1382 2159 Gonnoi-ii,
1424 2117 1579 2153 aliorum

186 2182 288 2216 codd.
320 2182 530 2226 Aliquantus
563 2186 683 2217 tumen
716 2191 884 2216 numerus
915 2184 949 2214 et
981 2179 1073 2214 alii
1102 2190 1180 2213 nov.
1209 2189 1278 2212 rer.
1302 2179 1437 2214 uvidi
1458 2180 1580 2223 habet,

186 2253 278 2287 quae
299 2243 476 2288 scriptura
505 2243 594 2277 olim
630 2243 776 2287 vulgata
797 2239 880 2275 inde
902 2250 925 2275 a
949 2241 1103 2275 Grutero
1126 2242 1161 2273 et
1184 2238 1307 2273 Curtio
1330 2243 1426 2275 recte
1447 2240 1581 2285 impro-

186 2306 271 2339 bata
292 2308 356 2339 est.
380 2304 470 2339 Vere
492 2303 581 2338 vidit
611 2302 752 2338 Cottius
774 2302 862 2337 alios
884 2312 954 2335 non
976 2304 1136 2346 respectu
1158 2299 1436 2336 antecedentium
1461 2303 1579 2337 ulii-

186 2377 272 2412 pars
295 2365 387 2408 dici,
411 2369 450 2399 ut
472 2364 577 2400 tertia
601 2375 724 2399 caussa
747 2362 966 2397 coloniarum
991 2362 1251 2397 condendarum
1273 2365 1579 2407 commemoretur,

188 2424 506 2462 sed‘bimembrem
531 2437 606 2460 esse
628 2423 836 2460 sententiam
855 2436 897 2458 ex
924 2425 1114 2459 sollicitata
1144 2422 1368 2468 pendentem,
1399 2421 1452 2458 ita
1474 2427 1514 2458 ut
1538 2436 1581 2458 ex

189 2486 364 2532 singulari
397 2486 443 2521 ad
476 2487 557 2521 aliis
591 2487 800 2531 suplendum
829 2484 875 2520 sit
906 2485 1126 2526 sollicitatis,
1158 2483 1252 2528 quod
1282 2487 1365 2527 apte
1397 2484 1582 2519 confirmat

190 2547 358 2593 exemplis
388 2546 566 2582 Ciceronis
598 2558 640 2581 ex
674 2548 764 2592 Epp.
796 2546 842 2581 ud
877 2545 1018 2580 Famm.
1051 2546 1100 2586 1„
1126 2545 1173 2585 9,
1205 2543 1261 2578 63.
1293 2544 1367 2578 eius
1397 2545 1516 2579 omni
1547 2550 1582 2580 et

190 2609 358 2655 gratia
381 2612 415 2644 et
440 2609 607 2654 opibus
629 2609 814 2652 sicsruor,
837 2611 877 2642 ut
900 2607 995 2641 meis.
1020 2605 1107 2640 ibid.
1130 2605 1232 2646 XVI,
1257 2604 1298 2646 1,
1321 2603 1356 2641 5.
1381 2609 1415 2639 ct
1431 2606 1582 2649 comites,

150 2717 154 2720 V
190 2675 225 2705 et
248 2673 491 2715 tempestates,
521 2674 557 2704 ct
573 2679 699 2702 navem
723 2669 935 2703 idoneam
957 2672 998 2703 ut
1022 2668 1154 2702 habeas
1173 2668 1361 2712 diligenter
1374 2667 1520 2703 videbis.
1536 2687 1582 2694 —

192 2731 387 2775 Hipponem
408 2740 480 2765 non
508 2729 663 2775 intelligi
696 2729 870 2775 Regium,
898 2728 960 2762 sed
985 2728 1212 2772 Diarrhytum
1235 2726 1310 2761 sive
1335 2727 1522 2772 Zorytum,
1546 2728 1584 2762 in

187 2791 333 2838 regione
342 2791 539 2837 Zeugitana
561 2790 657 2826 haud
681 2790 803 2835 procul
825 2789 872 2825 ab
892 2789 995 2824 Utica
1018 2788 1124 2824 situm
1141 2789 1299 2825 locorum
1315 2789 1400 2824 ordo
1424 2789 1585 2833 ostendit,
