1716 2996
156 161 243 202 2⁰0
528 157 575 201 c.
606 157 938 218 SALLUUSn
968 157 1192 204 CRISPI

159 273 383 319 Baebium
411 275 639 320 tribunum
670 275 816 337 plebis
852 289 1019 336 magna
1053 277 1264 323 mercede
1293 285 1437 338 parat,
1468 294 1550 324 cu-

161 372 230 416 ius
264 372 544 433 impudentia
579 378 735 417 contra
781 373 847 417 ius
886 379 931 416 et
964 373 1142 418 iniurias
1178 375 1319 420 omnis
1360 376 1550 421 munitus

127 468 296 517 3foret.
367 469 430 515 At
465 469 517 516 C.
556 468 797 514 Memmius
841 469 1063 514 advocata
1105 472 1346 530 concione,
1396 487 1549 532 quam-

163 581 301 625 quam
345 567 444 627 regi
488 566 650 611 infesta
692 567 853 627 plebes
901 573 1018 620 erat,
1064 562 1110 611 et
1155 583 1260 628 pars
1302 570 1348 613 in
1382 569 1555 613 vincula

163 663 270 708 duci
317 664 526 721 iubebat,
574 679 708 724 pars,
755 664 801 707 ni
847 663 992 708 socios
1028 664 1209 714 sceleris
1245 666 1312 710 sui
1347 665 1553 726 aperiret,

161 775 291 806 more
326 761 548 805 maiorum
585 761 644 805 de
691 760 823 805 hoste
858 761 1128 822 supplicium
1167 763 1305 821 sumi,
1350 763 1555 824 dignitati

167 873 306 917 quam
349 858 443 903 irae
478 858 622 919 magis
659 858 894 904 consulens
931 857 1088 903 sedare
1124 866 1269 905 motus
1306 863 1351 903 et
1385 859 1553 903 animos

164 1002 286 1037 mittit.
318 1002 493 1045 XXXIX,
516 1000 551 1037 5.
594 1003 785 1038 Ruhnken.
816 1003 861 1038 ad
885 1002 1052 1048 Aquilam
1083 1003 1186 1038 Rom.
1220 1015 1252 1038 c.
1275 1002 1380 1037 XLV.
1411 1014 1446 1047 p.
1474 1002 1554 1037 19⁰.

165 1064 205 1098 Si
228 1063 326 1098 dicas
350 1064 399 1098 Μ.
425 1064 512 1098 Cato
535 1063 619 1107 ine,
644 1063 852 1109 quamvis
872 1065 1026 1108 sufficiat
1048 1075 1170 1099 nomen
1193 1065 1431 1100 tautummodo
1453 1077 1557 1111 poso·-

163 1124 250 1165 isse,
284 1124 494 1159 videaris
516 1126 596 1169 plus
617 1126 834 1171 significasse
858 1125 980 1159 addito
1004 1125 1074 1159 ine.
1122 1125 1388 1160 Drakenborch.
1411 1125 1456 1159 ad
1478 1125 1554 1160 Liv.

165 1185 278 1226 xxn,
302 1184 367 1226 20,
394 1186 427 1220 1.
451 1186 582 1220 Duker.
606 1187 649 1221 ad
675 1187 772 1221 Flor.
797 1187 843 1228 Π,
866 1186 901 1229 6,
925 1186 985 1220 33.
1008 1187 1179 1221 Goerenz.
1204 1187 1250 1221 nd
1273 1186 1344 1221 Cic.
1369 1186 1498 1220 Acudd.
1510 1186 1556 1228 11,

165 1245 232 1288 23,
256 1247 314 1284 74.
338 1259 373 1291 p.
399 1245 481 1280 137.
510 1246 597 1280 Vide
620 1247 727 1280 etiam
751 1259 841 1290 quae
865 1247 1063 1282 notavimus
1087 1249 1132 1281 ad
1155 1238 1257 1282 Catil.
1277 1247 1437 1288 xxxvi,
1460 1246 1495 1280 4.
1511 1265 1556 1272 -—·

165 1306 238 1341 Pro
262 1307 380 1342 verbis
410 1311 537 1343 cuncta
571 1320 622 1342 ea
647 1313 826 1354 gesserat,
861 1319 979 1353 quae
1009 1319 1150 1353 supra
1186 1309 1383 1344 diximus
1421 1309 1560 1344 cortin-

166 1365 330 1412 plurimis
357 1366 496 1403 omissis
527 1368 667 1413 scripsit
689 1373 820 1403 cuncta‘
836 1373 1007 1413 gesserat.
1055 1368 1195 1413 Quippe
1219 1381 1328 1413 quum
1352 1382 1436 1415 pars
1458 1372 1557 1408 codd.

167 1426 302 1463 habeat
323 1429 616 1471 memoravimus,
651 1429 687 1463 id
714 1429 777 1464 ille
799 1440 863 1473 pro
886 1433 1094 1475 argumento
1127 1429 1408 1475 interpolationis
1437 1432 1559 1474 habet,

167 1500 278 1534 quum
309 1500 350 1523 re
381 1499 466 1524 vera
494 1500 564 1523 non
596 1488 695 1523 aliud
725 1490 795 1525 nisi
828 1490 1002 1526 incuriam
1033 1490 1229 1526 scribarum
1258 1497 1415 1528 testetur.
1460 1493 1558 1527 Idem

167 1549 389 1586 statuendum
421 1550 465 1584 de
496 1549 622 1584 ceteris
653 1549 912 1595 discrepantiis,
947 1562 1039 1596 quae
1067 1551 1219 1587 leviores
1253 1558 1353 1596 sunt,
1382 1563 1491 1598 quum
1519 1557 1562 1589 ut

167 1611 308 1656 giossae
340 1610 378 1645 in
407 1614 541 1646 textum
573 1610 696 1646 illatae
726 1611 961 1657 suspicionem
991 1613 1139 1655 fucinut3
1171 1625 1255 1648 nam
1277 1613 1315 1648 in
1337 1613 1420 1648 Son.
1442 1612 1478 1648 2.
1507 1617 1562 1648 est

169 1676 303 1707 tanta
337 1683 380 1706 ea
391 1681 413 1713 ‚··
438 1671 475 1706 iu
504 1672 622 1707 Guelf.
649 1664 706 1706 11.
739 1672 834 1707 deest
863 1679 1025 1719 gesserat
1035 1685 1050 1714 ς
1080 1675 1174 1709 Vrat.
1203 1675 1236 1709 1.
1271 1675 1379 1709 habet
1409 1686 1491 1716 eas,·
1522 1674 1560 1709 in

169 1728 474 1768 Struv.“Arondel.
493 1732 577 1768 Par.
599 1733 643 1769 Β.
660 1736 696 1767 et
710 1733 789 1768 Vnt.
806 1732 843 1768 5.
867 1745 912 1768 ea
926 1733 1032 1779 deest,
1057 1736 1149 1779 quod
1168 1735 1377 1771 Gerlachius
1396 1735 1433 1770 in
1453 1736 1561 1770 Com-

170 1796 293 1828 mentt.
317 1805 353 1838 p.
374 1793 456 1830 266.
485 1793 684 1829 inconsulto
706 1791 855 1838 probat,
882 1794 1005 1830 indicii
1027 1796 1102 1838 sui,
1134 1807 1198 1842 pro
1225 1807 1344 1840 more,
1375 1795 1562 1831 immemor

171 1855 208 1890 in
232 1855 287 1890 ed.
309 1855 458 1890 minore.
481 1855 523 1889 V.
547 1854 592 1890 ad
616 1855 753 1898 XXXI,
779 1855 835 1890 1⁰.

264 1917 296 1958 §-
320 1915 355 1950 3.
404 1916 581 1951 advocata
602 1916 778 1961 concione]
803 1916 979 1950 concinnis
1002 1917 1175 1952 vocabulo
1198 1917 1283 1962 quid
1305 1916 1562 1962 significaretur

171 1978 261 2011 bene
286 1977 445 2021 exposuit
468 1977 611 2011 Ferdin.
642 1977 831 2012 Schulzius
864 1977 907 2012 de
931 1977 1087 2012 comitiis
1118 1979 1217 2014 Rom.
1250 1991 1284 2023 p.
1312 1978 1381 2013 140
1408 1989 1483 2022 sqq.
1514 1998 1561 2004 —

170 2039 243 2073 Pro
265 2039 356 2072 sumi
378 2038 415 2072 in
440 2038 560 2072 Guelf.
581 2037 639 2072 1⁰.
666 2037 765 2073 Leid.
783 2038 828 2072 F.
848 2038 893 2072 G.
908 2038 959 2071 M.
984 2038 1085 2072 Bodl.
1111 2042 1146 2073 et
1161 2039 1203 2073 Β.
1223 2039 1326 2074 Publ.
1350 2042 1403 2074 est
1425 2050 1564 2074 sumen-

173 2099 277 2141 dum,
308 2109 351 2133 ex
382 2098 663 2144 interpolatione.
711 2098 822 2133 Sensu
854 2103 972 2133 tamen
1001 2099 1083 2133 duci
1113 2104 1147 2134 et
1177 2101 1268 2135 sumi
1296 2111 1359 2145 pro
1381 2099 1563 2135 infinitivis

172 2159 283 2194 futuri
314 2159 393 2204 capi
420 2160 548 2195 debere
580 2159 784 2194 observavit
815 2159 859 2194 G.
883 2159 1019 2194 LudoV.
1042 2159 1231 2195 Walchius
1258 2161 1303 2196 ad
1332 2161 1422 2196 Tac.
1441 2160 1561 2206 Agric.

173 2232 204 2255 c.
223 2221 345 2255 xmv.
369 2232 404 2264 p.
426 2219 509 2256 418.
541 2220 613 2254 Sed
628 2231 841 2265 quamquam
859 2225 995 2255 certum
1014 2225 1077 2263 est,
1102 2231 1205 2266 saepe
1225 2221 1563 2266 infinitivum‘prae-

173 2280 279 2316 sentis
300 2292 363 2324 pro
380 2281 552 2316 infinitivo
570 2282 681 2316 futuri
697 2281 852 2326 positum
874 2280 1041 2327 reperiri,
1065 2286 1182 2316 tamen
1208 2283 1303 2316 hunc
1329 2294 1431 2317 usum
1451 2292 1563 2327 neque

174 2353 258 2378 cum
274 2342 441 2377 Walchio
467 2341 518 2378 ita
539 2342 782 2378 Graecismum
809 2342 979 2385 dixerim,
1011 2341 1111 2386 quasi
1135 2353 1157 2377 a
1186 2342 1392 2378 Latinorum
1420 2343 1563 2388 propria

174 2402 312 2438 dicendi
328 2403 464 2438 ratione
481 2403 672 2437 abhorreat
683 2429 694 2446 ,
719 2403 863 2438 Graecis
884 2403 1073 2448 peculiaris
1090 2404 1154 2445 sitq
1182 2403 1249 2438 nisi
1269 2404 1360 2438 forte
1376 2401 1563 2437 Wolchius

174 2464 284 2500 etiam
307 2464 565 2498 Germanorum
592 2465 878 2499 consuetudinem
905 2475 1068 2509 praesens
1098 2474 1162 2508 pro
1187 2463 1307 2497 futuro
1341 2461 1488 2507 ponendi
1519 2473 1562 2497 ex

177 2526 315 2560 Graeco
335 2525 430 2560 fonte
446 2523 597 2568 repetit3
620 2535 732 2568 neque
750 2526 845 2560 hunc
861 2524 1022 2559 Saliustii
1046 2524 1165 2557 locum
1189 2522 1232 2556 iis
1259 2522 1427 2567 exemplis
1449 2534 1562 2557 annu-

177 2586 383 2620 merandum
413 2595 554 2627 censeo,
587 2585 714 2628 quibus
731 2585 794 2620 ille
811 2582 904 2620 hunc
921 2585 1095 2620 rationem
1114 2583 1316 2619 illustravit.
1363 2583 1453 2628 Quis
1468 2583 1562 2619 enim

176 2647 293 2682 iubere
315 2646 465 2682 verbum
493 2655 574 2679 cum
601 2644 773 2681 infinitivo
798 2646 909 2681 futuri
933 2644 1213 2688 coniungendam
1238 2643 1435 2687 putaverit,
1470 2644 1564 2689 quod

179 2707 365 2742 Walchius
392 2707 570 2752 postulare
589 2705 749 2743 videtur?
796 2706 972 2752 Legitime
1000 2706 1094 2739 enim
1118 2709 1152 2740 et
1180 2709 1378 2740 constanter
1403 2717 1565 2750 praesens

176 2768 347 2804 eoi-istum
370 2769 415 2804 ab
444 2767 515 2804 hoc
537 2766 646 2803 verbo
669 2767 815 2812 pendet3
847 2766 940 2811 quod
962 2777 1070 2812 quum
1090 2769 1212 2812 suopte
1230 2765 1266 2800 vi
1290 2767 1506 2804 voluntatem
1529 2771 1564 2802 et
