<?xml version="1.0" encoding="UTF-8"?>
<!DOCTYPE html PUBLIC "-//W3C//DTD XHTML 1.0 Transitional//EN"
    "http://www.w3.org/TR/xhtml1/DTD/xhtml1-transitional.dtd">
<html xmlns="http://www.w3.org/1999/xhtml" xml:lang="en" lang="en">
 <head>
  <title>
</title>
<meta http-equiv="Content-Type" content="text/html;charset=utf-8" />
  <meta name='ocr-system' content='tesseract 3.04.00' />
  <meta name='ocr-capabilities' content='ocr_page ocr_carea ocr_par ocr_line ocrx_word'/>
</head>
<body>
  <div class='ocr_page' id='page_1' title='image "./operaquaesupersu02salluoft/operaquaesupersu02salluoft_0146.png"; bbox 0 0 1702 2982; ppageno 0'>
   <div class='ocr_carea' id='block_1_1' title="bbox 168 205 1202 251">
    <p class='ocr_par' dir='ltr' id='par_1_1' title="bbox 168 205 1202 251">
     <span class='ocr_line' id='line_1_1' title="bbox 168 205 1202 251; baseline 0.004 -4"><span class='ocrx_word' id='word_1_1' title='bbox 168 207 252 247; x_wconf 72' lang='lat'><strong>1⁴24</strong></span> <span class='ocrx_word' id='word_1_2' title='bbox 541 205 588 248; x_wconf 86' lang='lat' dir='ltr'><strong>C.</strong></span> <span class='ocrx_word' id='word_1_3' title='bbox 619 205 949 249; x_wconf 76' lang='lat' dir='ltr'>SALLUSTzl</span> <span class='ocrx_word' id='word_1_4' title='bbox 981 207 1202 251; x_wconf 87' lang='lat' dir='ltr'><strong>CRISPI</strong></span> 
     </span>
    </p>
   </div>
   <div class='ocr_carea' id='block_1_2' title="bbox 120 321 1599 776">
    <p class='ocr_par' dir='ltr' id='par_1_2' title="bbox 120 321 1599 776">
     <span class='ocr_line' id='line_1_2' title="bbox 167 321 1563 388; baseline 0.006 -24"><span class='ocrx_word' id='word_1_5' title='bbox 167 321 334 380; x_wconf 84' lang='lat' dir='ltr'><strong>partim</strong></span> <span class='ocrx_word' id='word_1_6' title='bbox 382 321 427 365; x_wconf 92' lang='lat' dir='ltr'><strong>in</strong></span> <span class='ocrx_word' id='word_1_7' title='bbox 481 323 698 383; x_wconf 80' lang='lat' dir='ltr'><strong>tuguriis,</strong></span> <span class='ocrx_word' id='word_1_8' title='bbox 755 323 863 368; x_wconf 88' lang='lat' dir='ltr'><strong>alios</strong></span> <span class='ocrx_word' id='word_1_9' title='bbox 919 324 1127 370; x_wconf 81' lang='lat' dir='ltr'>incultius</span> <span class='ocrx_word' id='word_1_10' title='bbox 1179 328 1563 388; x_wconf 57' lang='lat' dir='ltr'><strong>vagosffiagitare&#39;,</strong></span> 
     </span>
     <span class='ocr_line' id='line_1_3' title="bbox 120 408 1563 480; baseline 0.006 -18"><span class='ocrx_word' id='word_1_11' title='bbox 120 408 277 478; x_wconf 42' lang='lat' dir='ltr'><strong>‘&#39;fipost</strong></span> <span class='ocrx_word' id='word_1_12' title='bbox 324 433 401 463; x_wconf 86' lang='lat' dir='ltr'><strong>eos</strong></span> <span class='ocrx_word' id='word_1_13' title='bbox 442 418 695 480; x_wconf 85' lang='lat' dir='ltr'><strong>Aethiopas</strong></span> <span class='ocrx_word' id='word_1_14' title='bbox 732 435 860 476; x_wconf 87' lang='lat' dir='ltr'><strong>esse,</strong></span> <span class='ocrx_word' id='word_1_15' title='bbox 898 421 1002 465; x_wconf 90' lang='lat' dir='ltr'><strong>dein</strong></span> <span class='ocrx_word' id='word_1_16' title='bbox 1030 422 1131 466; x_wconf 90' lang='lat' dir='ltr'><strong>loca</strong></span> <span class='ocrx_word' id='word_1_17' title='bbox 1166 428 1320 468; x_wconf 85' lang='lat' dir='ltr'><strong>exusta</strong></span> <span class='ocrx_word' id='word_1_18' title='bbox 1349 424 1453 470; x_wconf 82' lang='lat' dir='ltr'><strong>solis</strong></span> <span class='ocrx_word' id='word_1_19' title='bbox 1488 441 1563 470; x_wconf 84' lang='lat' dir='ltr'><strong>ar-</strong></span> 
     </span>
     <span class='ocr_line' id='line_1_4' title="bbox 135 514 1573 580; baseline 0.007 -23"><span class='ocrx_word' id='word_1_20' title='bbox 135 517 164 555; x_wconf 92' lang='lat'>7</span> <span class='ocrx_word' id='word_1_21' title='bbox 172 514 369 563; x_wconf 78' lang='lat' dir='ltr'><strong>dotibus,</strong></span> <span class='ocrx_word' id='word_1_22' title='bbox 418 516 562 576; x_wconf 60' lang='lat' dir='ltr'><strong>igitur</strong></span> <span class='ocrx_word' id='word_1_23' title='bbox 594 517 716 562; x_wconf 90' lang='lat' dir='ltr'><strong>bello</strong></span> <span class='ocrx_word' id='word_1_24' title='bbox 745 517 1014 579; x_wconf 85' lang='lat' dir='ltr'><strong>Iugurthino</strong></span> <span class='ocrx_word' id='word_1_25' title='bbox 1045 520 1263 580; x_wconf 84' lang='lat' dir='ltr'><strong>pleraque</strong></span> <span class='ocrx_word' id='word_1_26' title='bbox 1299 537 1355 566; x_wconf 88' lang='lat' dir='ltr'><strong>ex</strong></span> <span class='ocrx_word' id='word_1_27' title='bbox 1384 522 1573 567; x_wconf 75' lang='lat' dir='ltr'><strong>Punicis</strong></span> 
     </span>
     <span class='ocr_line' id='line_1_5' title="bbox 165 611 1599 679; baseline 0.006 -24"><span class='ocrx_word' id='word_1_28' title='bbox 165 611 340 672; x_wconf 88' lang='lat' dir='ltr'><strong>oppida</strong></span> <span class='ocrx_word' id='word_1_29' title='bbox 385 619 429 657; x_wconf 89' lang='lat' dir='ltr'><strong>et</strong></span> <span class='ocrx_word' id='word_1_30' title='bbox 473 615 576 658; x_wconf 72' lang='lat' dir='ltr'><strong>finis</strong></span> <span class='ocrx_word' id='word_1_31' title='bbox 622 614 1082 675; x_wconf 82' lang='lat' dir='ltr'>Carthaginiensium,</span> <span class='ocrx_word' id='word_1_32' title='bbox 1143 632 1258 676; x_wconf 87' lang='lat' dir='ltr'><strong>quos</strong></span> <span class='ocrx_word' id='word_1_33' title='bbox 1307 619 1565 663; x_wconf 82' lang='lat' dir='ltr'>novissume</span> <span class='ocrx_word' id='word_1_34' title='bbox 1580 647 1599 679; x_wconf 68' lang='lat' dir='ltr'><em>s</em></span> 
     </span>
     <span class='ocr_line' id='line_1_6' title="bbox 165 709 1563 776; baseline 0.006 -24"><span class='ocrx_word' id='word_1_35' title='bbox 165 709 446 766; x_wconf 84' lang='lat' dir='ltr'><strong>habuerant,</strong></span> <span class='ocrx_word' id='word_1_36' title='bbox 494 712 693 771; x_wconf 87' lang='lat' dir='ltr'><strong>populus</strong></span> <span class='ocrx_word' id='word_1_37' title='bbox 740 713 974 758; x_wconf 84' lang='lat' dir='ltr'><strong>Romanus</strong></span> <span class='ocrx_word' id='word_1_38' title='bbox 1019 730 1105 774; x_wconf 90' lang='lat' dir='ltr'><strong>per</strong></span> <span class='ocrx_word' id='word_1_39' title='bbox 1148 716 1453 776; x_wconf 66' lang='lat' dir='ltr'><strong>magistratus</strong></span> <span class='ocrx_word' id='word_1_40' title='bbox 1478 716 1563 760; x_wconf 89' lang='lat' dir='ltr'><strong>ad-</strong></span> 
     </span>
    </p>
   </div>
   <div class='ocr_carea' id='block_1_3' title="bbox 166 807 1563 876">
    <p class='ocr_par' dir='ltr' id='par_1_3' title="bbox 166 807 1563 876">
     <span class='ocr_line' id='line_1_7' title="bbox 166 807 1563 876; baseline 0.006 -26"><span class='ocrx_word' id='word_1_41' title='bbox 166 807 465 862; x_wconf 76' lang='lat' dir='ltr'><strong>ministrabat,</strong></span> <span class='ocrx_word' id='word_1_42' title='bbox 511 807 810 853; x_wconf 81' lang='lat' dir='ltr'><strong>Gaetulorum</strong></span> <span class='ocrx_word' id='word_1_43' title='bbox 855 825 1022 871; x_wconf 84' lang='lat' dir='ltr'><strong>magna</strong></span> <span class='ocrx_word' id='word_1_44' title='bbox 1077 827 1183 872; x_wconf 82' lang='lat' dir='ltr'><strong>pars</strong></span> <span class='ocrx_word' id='word_1_45' title='bbox 1237 820 1283 876; x_wconf 79' lang='lat' dir='ltr'><strong>et</strong></span> <span class='ocrx_word' id='word_1_46' title='bbox 1337 813 1563 858; x_wconf 85' lang='lat' dir='ltr'><strong>Numidae</strong></span> 
     </span>
    </p>
   </div>
   <div class='ocr_carea' id='block_1_4' title="bbox 95 974 1564 2853">
    <p class='ocr_par' dir='ltr' id='par_1_4' title="bbox 162 974 1561 1143">
     <span class='ocr_line' id='line_1_8' title="bbox 163 974 1561 1034; baseline 0.004 -26"><span class='ocrx_word' id='word_1_47' title='bbox 163 974 245 1011; x_wconf 71' lang='lat'><strong>494.</strong></span> <span class='ocrx_word' id='word_1_48' title='bbox 270 975 442 1010; x_wconf 87' lang='lat' dir='ltr'><strong>Mannert-</strong></span> <span class='ocrx_word' id='word_1_49' title='bbox 470 977 496 1011; x_wconf 89' lang='lat' dir='ltr'><strong>l.</strong></span> <span class='ocrx_word' id='word_1_50' title='bbox 526 977 551 1013; x_wconf 91' lang='grc'><strong>1.</strong></span> <span class='ocrx_word' id='word_1_51' title='bbox 578 988 609 1021; x_wconf 84' lang='lat' dir='ltr'><strong>p.</strong></span> <span class='ocrx_word' id='word_1_52' title='bbox 634 977 716 1012; x_wconf 80' lang='lat'><strong>200.</strong></span> <span class='ocrx_word' id='word_1_53' title='bbox 743 996 787 1002; x_wconf 89' lang='grc'><strong>--</strong></span> <span class='ocrx_word' id='word_1_54' title='bbox 804 978 998 1024; x_wconf 76' lang='lat' dir='ltr'><strong>Aethiopas</strong></span> <span class='ocrx_word' id='word_1_55' title='bbox 1022 979 1249 1014; x_wconf 81' lang='lat' dir='ltr'><strong>vetustissimi</strong></span> <span class='ocrx_word' id='word_1_56' title='bbox 1273 981 1394 1026; x_wconf 86' lang='lat' dir='ltr'><strong>codd.·,</strong></span> <span class='ocrx_word' id='word_1_57' title='bbox 1417 984 1456 1016; x_wconf 89' lang='lat' dir='ltr'><strong>ut</strong></span> <span class='ocrx_word' id='word_1_58' title='bbox 1478 981 1561 1034; x_wconf 67' lang='lat' dir='ltr'><strong>Bas.</strong></span> 
     </span>
     <span class='ocr_line' id='line_1_9' title="bbox 162 1036 1560 1085; baseline 0.006 -16"><span class='ocrx_word' id='word_1_59' title='bbox 162 1036 199 1070; x_wconf 89' lang='lat'><strong>1.</strong></span> <span class='ocrx_word' id='word_1_60' title='bbox 234 1037 340 1071; x_wconf 87' lang='lat' dir='ltr'><strong>Fabr.</strong></span> <span class='ocrx_word' id='word_1_61' title='bbox 373 1037 408 1071; x_wconf 90' lang='lat'><strong>1.</strong></span> <span class='ocrx_word' id='word_1_62' title='bbox 442 1042 478 1071; x_wconf 88' lang='lat' dir='ltr'><strong>et</strong></span> <span class='ocrx_word' id='word_1_63' title='bbox 510 1038 656 1081; x_wconf 84' lang='lat' dir='ltr'>plurimi</span> <span class='ocrx_word' id='word_1_64' title='bbox 688 1038 762 1073; x_wconf 86' lang='lat' dir='ltr'><strong>alii.</strong></span> <span class='ocrx_word' id='word_1_65' title='bbox 796 1040 843 1073; x_wconf 78' lang='lat' dir='ltr'><strong>cf.</strong></span> <span class='ocrx_word' id='word_1_66' title='bbox 875 1040 981 1074; x_wconf 89' lang='lat' dir='ltr'><strong>Conr.</strong></span> <span class='ocrx_word' id='word_1_67' title='bbox 1016 1040 1123 1085; x_wconf 83' lang='lat' dir='ltr'><strong>Leop.</strong></span> <span class='ocrx_word' id='word_1_68' title='bbox 1157 1041 1364 1077; x_wconf 73' lang='lat' dir='ltr'>Schneider.</span> <span class='ocrx_word' id='word_1_69' title='bbox 1389 1043 1560 1078; x_wconf 71' lang='lat' dir='ltr'><strong>Granum.</strong></span> 
     </span>
     <span class='ocr_line' id='line_1_10' title="bbox 162 1097 981 1143; baseline 0.002 -10"><span class='ocrx_word' id='word_1_70' title='bbox 162 1098 240 1133; x_wconf 80' lang='lat' dir='ltr'><strong>Lat.</strong></span> <span class='ocrx_word' id='word_1_71' title='bbox 265 1098 310 1132; x_wconf 90' lang='lat' dir='ltr'><strong>T.</strong></span> <span class='ocrx_word' id='word_1_72' title='bbox 335 1099 392 1141; x_wconf 87' lang='lat'><strong>11,</strong></span> <span class='ocrx_word' id='word_1_73' title='bbox 419 1097 451 1132; x_wconf 87' lang='lat'><strong>1.</strong></span> <span class='ocrx_word' id='word_1_74' title='bbox 475 1111 511 1143; x_wconf 84' lang='lat' dir='ltr'><strong>p.</strong></span> <span class='ocrx_word' id='word_1_75' title='bbox 537 1099 618 1133; x_wconf 85' lang='lat'><strong>313.</strong></span> <span class='ocrx_word' id='word_1_76' title='bbox 642 1102 678 1134; x_wconf 87' lang='lat' dir='ltr'><strong>et</strong></span> <span class='ocrx_word' id='word_1_77' title='bbox 705 1100 801 1134; x_wconf 88' lang='lat' dir='ltr'><strong>Cort.</strong></span> <span class='ocrx_word' id='word_1_78' title='bbox 826 1101 871 1135; x_wconf 89' lang='lat' dir='ltr'><strong>ad</strong></span> <span class='ocrx_word' id='word_1_79' title='bbox 895 1101 931 1134; x_wconf 87' lang='lat' dir='ltr'><strong>h.</strong></span> <span class='ocrx_word' id='word_1_80' title='bbox 956 1101 981 1136; x_wconf 92' lang='lat' dir='ltr'><strong>l.</strong></span> 
     </span>
    </p>

    <p class='ocr_par' dir='ltr' id='par_1_5' title="bbox 95 1159 1564 2853">
     <span class='ocr_line' id='line_1_11' title="bbox 254 1159 1564 1210; baseline 0.002 -16"><span class='ocrx_word' id='word_1_81' title='bbox 254 1162 287 1203; x_wconf 83' lang='lat'><strong>§.</strong></span> <span class='ocrx_word' id='word_1_82' title='bbox 302 1160 337 1194; x_wconf 78' lang='lat'><strong>7.</strong></span> <span class='ocrx_word' id='word_1_83' title='bbox 369 1159 496 1204; x_wconf 79' lang='lat' dir='ltr'>Igitur]</span> <span class='ocrx_word' id='word_1_84' title='bbox 524 1160 624 1194; x_wconf 85' lang='lat' dir='ltr'><strong>Haec</strong></span> <span class='ocrx_word' id='word_1_85' title='bbox 645 1160 820 1204; x_wconf 84' lang='lat' dir='ltr'><strong>particula</strong></span> <span class='ocrx_word' id='word_1_86' title='bbox 834 1161 872 1196; x_wconf 89' lang='lat' dir='ltr'><strong>h.</strong></span> <span class='ocrx_word' id='word_1_87' title='bbox 888 1162 914 1196; x_wconf 92' lang='lat' dir='ltr'><strong>l.</strong></span> <span class='ocrx_word' id='word_1_88' title='bbox 931 1173 1009 1196; x_wconf 88' lang='lat' dir='ltr'><strong>eam</strong></span> <span class='ocrx_word' id='word_1_89' title='bbox 1025 1162 1099 1197; x_wconf 83' lang='lat' dir='ltr'><strong>vim</strong></span> <span class='ocrx_word' id='word_1_90' title='bbox 1114 1163 1234 1206; x_wconf 85' lang='lat' dir='ltr'><strong>habet,</strong></span> <span class='ocrx_word' id='word_1_91' title='bbox 1258 1174 1329 1209; x_wconf 81' lang='lat' dir='ltr'><strong>qua</strong></span> <span class='ocrx_word' id='word_1_92' title='bbox 1343 1163 1564 1210; x_wconf 69' lang='lat' dir='ltr'><strong>significatur</strong></span> 
     </span>
     <span class='ocr_line' id='line_1_12' title="bbox 160 1220 1560 1270; baseline 0.001 -13"><span class='ocrx_word' id='word_1_93' title='bbox 160 1225 342 1258; x_wconf 80' lang='lat' dir='ltr'><strong>auctorem</strong></span> <span class='ocrx_word' id='word_1_94' title='bbox 379 1224 459 1265; x_wconf 85' lang='lat' dir='ltr'><strong>post</strong></span> <span class='ocrx_word' id='word_1_95' title='bbox 494 1220 652 1264; x_wconf 78' lang='lat' dir='ltr'><strong>aliquam</strong></span> <span class='ocrx_word' id='word_1_96' title='bbox 684 1221 943 1267; x_wconf 84' lang='lat' dir='ltr'><strong>degressionem</strong></span> <span class='ocrx_word' id='word_1_97' title='bbox 979 1224 1024 1258; x_wconf 84' lang='lat' dir='ltr'><strong>ad</strong></span> <span class='ocrx_word' id='word_1_98' title='bbox 1058 1236 1133 1258; x_wconf 85' lang='lat' dir='ltr'><strong>rem</strong></span> <span class='ocrx_word' id='word_1_99' title='bbox 1163 1225 1278 1270; x_wconf 87' lang='lat' dir='ltr'><strong>ipsam</strong></span> <span class='ocrx_word' id='word_1_100' title='bbox 1313 1226 1490 1260; x_wconf 79' lang='lat' dir='ltr'><strong>accedere.</strong></span> <span class='ocrx_word' id='word_1_101' title='bbox 1514 1223 1560 1259; x_wconf 74' lang='lat' dir='ltr'><strong>cf.</strong></span> 
     </span>
     <span class='ocr_line' id='line_1_13' title="bbox 159 1282 1563 1331; baseline -0.001 -12"><span class='ocrx_word' id='word_1_102' title='bbox 159 1283 338 1325; x_wconf 64' lang='lat' dir='ltr'><strong>cxcvl,</strong></span> <span class='ocrx_word' id='word_1_103' title='bbox 356 1283 389 1316; x_wconf 93' lang='lat'><strong>1.</strong></span> <span class='ocrx_word' id='word_1_104' title='bbox 421 1282 585 1326; x_wconf 79' lang='lat' dir='ltr'><strong>Igitur</strong></span> <span class='ocrx_word' id='word_1_105' title='bbox 612 1283 730 1325; x_wconf 87' lang='lat' dir='ltr'><strong>Sulla,</strong></span> <span class='ocrx_word' id='word_1_106' title='bbox 754 1288 803 1317; x_wconf 84' lang='lat' dir='ltr'><strong>ut</strong></span> <span class='ocrx_word' id='word_1_107' title='bbox 826 1295 963 1328; x_wconf 77' lang='lat' dir='ltr'><strong>supra</strong></span> <span class='ocrx_word' id='word_1_108' title='bbox 992 1285 1167 1320; x_wconf 77' lang='lat' dir='ltr'><strong>dictum</strong></span> <span class='ocrx_word' id='word_1_109' title='bbox 1192 1291 1281 1330; x_wconf 77' lang='lat' dir='ltr'><strong>est,</strong></span> <span class='ocrx_word' id='word_1_110' title='bbox 1315 1290 1501 1331; x_wconf 71' lang='lat' dir='ltr'><strong>postquam</strong></span> <span class='ocrx_word' id='word_1_111' title='bbox 1524 1284 1563 1318; x_wconf 76' lang='lat' dir='ltr'><strong>in</strong></span> 
     </span>
     <span class='ocr_line' id='line_1_14' title="bbox 159 1342 1562 1389; baseline 0 -9"><span class='ocrx_word' id='word_1_112' title='bbox 159 1345 320 1387; x_wconf 82' lang='lat' dir='ltr'><strong>Africam</strong></span> <span class='ocrx_word' id='word_1_113' title='bbox 344 1343 448 1376; x_wconf 81' lang='lat' dir='ltr'><strong>venit.</strong></span> <span class='ocrx_word' id='word_1_114' title='bbox 475 1342 644 1375; x_wconf 79' lang='lat' dir='ltr'><strong>Goerenz.</strong></span> <span class='ocrx_word' id='word_1_115' title='bbox 669 1342 714 1376; x_wconf 78' lang='lat' dir='ltr'><strong>ad</strong></span> <span class='ocrx_word' id='word_1_116' title='bbox 749 1343 821 1379; x_wconf 87' lang='lat' dir='ltr'>Cic.</span> <span class='ocrx_word' id='word_1_117' title='bbox 848 1345 890 1378; x_wconf 90' lang='lat' dir='ltr'><strong>de</strong></span> <span class='ocrx_word' id='word_1_118' title='bbox 914 1344 1017 1381; x_wconf 88' lang='lat' dir='ltr'><strong>Finn.</strong></span> <span class='ocrx_word' id='word_1_119' title='bbox 1039 1346 1079 1387; x_wconf 90' lang='grc' dir='ltr'><strong>Ι,</strong></span> <span class='ocrx_word' id='word_1_120' title='bbox 1104 1346 1171 1389; x_wconf 82' lang='grc'><strong>20,</strong></span> <span class='ocrx_word' id='word_1_121' title='bbox 1196 1346 1254 1382; x_wconf 82' lang='grc'><strong>65.</strong></span> <span class='ocrx_word' id='word_1_122' title='bbox 1278 1348 1306 1381; x_wconf 85' lang='lat' dir='ltr'><em>S</em></span> <span class='ocrx_word' id='word_1_123' title='bbox 1315 1347 1367 1381; x_wconf 83' lang='lat' dir='ltr'><strong>ed</strong></span> <span class='ocrx_word' id='word_1_124' title='bbox 1387 1347 1481 1381; x_wconf 84' lang='lat' dir='ltr'><strong>iam</strong></span> <span class='ocrx_word' id='word_1_125' title='bbox 1503 1345 1562 1380; x_wconf 77' lang='lat' dir='ltr'><strong>ad</strong></span> 
     </span>
     <span class='ocr_line' id='line_1_15' title="bbox 158 1403 1562 1450; baseline 0.001 -10"><span class='ocrx_word' id='word_1_126' title='bbox 158 1417 253 1440; x_wconf 82' lang='lat' dir='ltr'><strong>rem</strong></span> <span class='ocrx_word' id='word_1_127' title='bbox 275 1405 529 1439; x_wconf 82' lang='lat' dir='ltr'><strong>redeamus.</strong></span> <span class='ocrx_word' id='word_1_128' title='bbox 590 1403 717 1437; x_wconf 82' lang='lat' dir='ltr'>Tribus</span> <span class='ocrx_word' id='word_1_129' title='bbox 740 1405 895 1450; x_wconf 81' lang='lat' dir='ltr'><strong>igitur</strong></span> <span class='ocrx_word' id='word_1_130' title='bbox 917 1406 1028 1440; x_wconf 79' lang='lat' dir='ltr'><strong>modis</strong></span> <span class='ocrx_word' id='word_1_131' title='bbox 1063 1407 1166 1441; x_wconf 83' lang='lat' dir='ltr'><strong>video</strong></span> <span class='ocrx_word' id='word_1_132' title='bbox 1197 1420 1269 1443; x_wconf 80' lang='lat' dir='ltr'><strong>csse</strong></span> <span class='ocrx_word' id='word_1_133' title='bbox 1302 1419 1328 1442; x_wconf 81' lang='lat' dir='ltr'><strong>a</strong></span> <span class='ocrx_word' id='word_1_134' title='bbox 1357 1408 1484 1442; x_wconf 79' lang='lat' dir='ltr'><strong>nostris</strong></span> <span class='ocrx_word' id='word_1_135' title='bbox 1517 1407 1562 1441; x_wconf 82' lang='lat' dir='ltr'><strong>de</strong></span> 
     </span>
     <span class='ocr_line' id='line_1_16' title="bbox 158 1465 1558 1513; baseline 0 -11"><span class='ocrx_word' id='word_1_136' title='bbox 158 1467 317 1502; x_wconf 83' lang='lat' dir='ltr'><strong>amicitia</strong></span> <span class='ocrx_word' id='word_1_137' title='bbox 341 1466 569 1510; x_wconf 80' lang='lat' dir='ltr'><strong>disputatum.</strong></span> <span class='ocrx_word' id='word_1_138' title='bbox 587 1477 622 1500; x_wconf 76' lang='lat' dir='ltr'><strong>v,</strong></span> <span class='ocrx_word' id='word_1_139' title='bbox 650 1465 759 1500; x_wconf 87' lang='lat' dir='ltr'><strong>etiam</strong></span> <span class='ocrx_word' id='word_1_140' title='bbox 784 1467 936 1501; x_wconf 80' lang='lat' dir='ltr'><strong>Ellendt.</strong></span> <span class='ocrx_word' id='word_1_141' title='bbox 961 1467 1007 1501; x_wconf 82' lang='lat' dir='ltr'><strong>ad</strong></span> <span class='ocrx_word' id='word_1_142' title='bbox 1032 1467 1135 1504; x_wconf 85' lang='lat' dir='ltr'><strong>Brut.</strong></span> <span class='ocrx_word' id='word_1_143' title='bbox 1153 1480 1183 1503; x_wconf 89' lang='lat' dir='ltr'><strong>c.</strong></span> <span class='ocrx_word' id='word_1_144' title='bbox 1199 1468 1258 1513; x_wconf 77' lang='lat'><strong>48,</strong></span> <span class='ocrx_word' id='word_1_145' title='bbox 1275 1468 1356 1503; x_wconf 74' lang='lat'><strong>177.</strong></span> <span class='ocrx_word' id='word_1_146' title='bbox 1374 1471 1409 1502; x_wconf 88' lang='lat' dir='ltr'><strong>et</strong></span> <span class='ocrx_word' id='word_1_147' title='bbox 1424 1467 1558 1503; x_wconf 82' lang='lat' dir='ltr'><strong>Bremi.</strong></span> 
     </span>
     <span class='ocr_line' id='line_1_17' title="bbox 159 1526 1560 1574; baseline -0.002 -10"><span class='ocrx_word' id='word_1_148' title='bbox 159 1530 206 1564; x_wconf 78' lang='lat' dir='ltr'><strong>ad</strong></span> <span class='ocrx_word' id='word_1_149' title='bbox 228 1528 314 1572; x_wconf 83' lang='lat' dir='ltr'><strong>Nep.</strong></span> <span class='ocrx_word' id='word_1_150' title='bbox 339 1526 504 1571; x_wconf 87' lang='lat' dir='ltr'><strong>Epamin.</strong></span> <span class='ocrx_word' id='word_1_151' title='bbox 528 1526 582 1569; x_wconf 88' lang='lat'><strong>11,</strong></span> <span class='ocrx_word' id='word_1_152' title='bbox 615 1526 650 1560; x_wconf 91' lang='grc'><strong>1.</strong></span> <span class='ocrx_word' id='word_1_153' title='bbox 684 1538 720 1570; x_wconf 88' lang='lat' dir='ltr'><strong>p.</strong></span> <span class='ocrx_word' id='word_1_154' title='bbox 752 1526 834 1561; x_wconf 78' lang='lat'><strong>212.</strong></span> <span class='ocrx_word' id='word_1_155' title='bbox 869 1547 916 1552; x_wconf 91' lang='lat'><strong>—</strong></span> <span class='ocrx_word' id='word_1_156' title='bbox 950 1528 1049 1562; x_wconf 72' lang='lat' dir='ltr'><strong>Finis</strong></span> <span class='ocrx_word' id='word_1_157' title='bbox 1079 1528 1442 1574; x_wconf 76' lang='lat' dir='ltr'><strong>Carthaginiensium,</strong></span> <span class='ocrx_word' id='word_1_158' title='bbox 1476 1539 1560 1573; x_wconf 76' lang='lat' dir='ltr'><strong>quos</strong></span> 
     </span>
     <span class='ocr_line' id='line_1_18' title="bbox 157 1587 1559 1634; baseline -0.002 -9"><span class='ocrx_word' id='word_1_159' title='bbox 157 1601 241 1625; x_wconf 80' lang='lat' dir='ltr'><strong>nov</strong></span> <span class='ocrx_word' id='word_1_160' title='bbox 253 1590 396 1624; x_wconf 84' lang='lat' dir='ltr'><strong>issum</strong></span> <span class='ocrx_word' id='word_1_161' title='bbox 409 1600 427 1622; x_wconf 91' lang='lat' dir='ltr'><strong>e</strong></span> <span class='ocrx_word' id='word_1_162' title='bbox 453 1589 650 1623; x_wconf 80' lang='lat' dir='ltr'><strong>habuerant</strong></span> <span class='ocrx_word' id='word_1_163' title='bbox 676 1588 845 1622; x_wconf 79' lang='lat' dir='ltr'><strong>Gerlach.</strong></span> <span class='ocrx_word' id='word_1_164' title='bbox 868 1591 991 1623; x_wconf 84' lang='lat' dir='ltr'><strong>contra</strong></span> <span class='ocrx_word' id='word_1_165' title='bbox 1018 1589 1179 1634; x_wconf 84' lang='lat' dir='ltr'><strong>linguam</strong></span> <span class='ocrx_word' id='word_1_166' title='bbox 1194 1593 1230 1624; x_wconf 85' lang='lat' dir='ltr'><strong>et</strong></span> <span class='ocrx_word' id='word_1_167' title='bbox 1244 1589 1431 1626; x_wconf 72' lang='lat' dir='ltr'><strong>historiam</strong></span> <span class='ocrx_word' id='word_1_168' title='bbox 1449 1587 1559 1632; x_wconf 80' lang='lat' dir='ltr'><strong>expli-</strong></span> 
     </span>
     <span class='ocr_line' id='line_1_19' title="bbox 158 1648 1560 1687; baseline -0.003 0"><span class='ocrx_word' id='word_1_169' title='bbox 158 1655 218 1687; x_wconf 82' lang='lat' dir='ltr'><strong>cat</strong></span> <span class='ocrx_word' id='word_1_170' title='bbox 247 1656 358 1685; x_wconf 80' lang='lat' dir='ltr'><strong>ante</strong></span> <span class='ocrx_word' id='word_1_171' title='bbox 383 1651 569 1684; x_wconf 77' lang='lat' dir='ltr'><strong>secundum</strong></span> <span class='ocrx_word' id='word_1_172' title='bbox 594 1650 719 1683; x_wconf 85' lang='lat' dir='ltr'><strong>bellum</strong></span> <span class='ocrx_word' id='word_1_173' title='bbox 746 1648 832 1683; x_wconf 78' lang='lat' dir='ltr'><strong>Pun-</strong></span> <span class='ocrx_word' id='word_1_174' title='bbox 858 1649 950 1684; x_wconf 82' lang='lat' dir='ltr'><strong>Nam</strong></span> <span class='ocrx_word' id='word_1_175' title='bbox 966 1651 1154 1684; x_wconf 73' lang='lat' dir='ltr'><strong>secundum</strong></span> <span class='ocrx_word' id='word_1_176' title='bbox 1171 1651 1297 1687; x_wconf 77' lang='lat' dir='ltr'><strong>bellum</strong></span> <span class='ocrx_word' id='word_1_177' title='bbox 1315 1662 1383 1685; x_wconf 91' lang='lat' dir='ltr'><strong>uon</strong></span> <span class='ocrx_word' id='word_1_178' title='bbox 1407 1649 1476 1684; x_wconf 78' lang='lat' dir='ltr'><strong>fuit</strong></span> <span class='ocrx_word' id='word_1_179' title='bbox 1497 1661 1560 1684; x_wconf 83' lang='lat' dir='ltr'><strong>no-</strong></span> 
     </span>
     <span class='ocr_line' id='line_1_20' title="bbox 95 1710 1564 1757; baseline -0.001 -9"><span class='ocrx_word' id='word_1_180' title='bbox 95 1722 99 1726; x_wconf 85' lang='lat'>·</span> <span class='ocrx_word' id='word_1_181' title='bbox 157 1714 368 1750; x_wconf 58' lang='lat' dir='ltr'><strong>cinnanum,-</strong></span> <span class='ocrx_word' id='word_1_182' title='bbox 383 1715 458 1745; x_wconf 83' lang='lat' dir='ltr'><strong>tum</strong></span> <span class='ocrx_word' id='word_1_183' title='bbox 470 1715 568 1756; x_wconf 86' lang='lat' dir='ltr'><strong>patet</strong></span> <span class='ocrx_word' id='word_1_184' title='bbox 579 1710 789 1744; x_wconf 79' lang='lat' dir='ltr'><strong>Sallustium</strong></span> <span class='ocrx_word' id='word_1_185' title='bbox 808 1711 980 1755; x_wconf 79' lang='lat' dir='ltr'><strong>respicere</strong></span> <span class='ocrx_word' id='word_1_186' title='bbox 996 1712 1041 1745; x_wconf 90' lang='lat' dir='ltr'><strong>ad</strong></span> <span class='ocrx_word' id='word_1_187' title='bbox 1056 1711 1143 1746; x_wconf 92' lang='lat' dir='ltr'><strong>illud</strong></span> <span class='ocrx_word' id='word_1_188' title='bbox 1161 1716 1309 1756; x_wconf 86' lang='lat' dir='ltr'><strong>tempus,</strong></span> <span class='ocrx_word' id='word_1_189' title='bbox 1325 1723 1395 1757; x_wconf 82' lang='lat' dir='ltr'><strong>que</strong></span> <span class='ocrx_word' id='word_1_190' title='bbox 1408 1711 1564 1747; x_wconf 81' lang='lat' dir='ltr'><strong>Cartha-&#39;</strong></span> 
     </span>
     <span class='ocr_line' id='line_1_21' title="bbox 158 1770 1559 1821; baseline -0.002 -12"><span class='ocrx_word' id='word_1_191' title='bbox 158 1773 377 1821; x_wconf 87' lang='lat' dir='ltr'><strong>giniensium</strong></span> <span class='ocrx_word' id='word_1_192' title='bbox 399 1773 486 1806; x_wconf 84' lang='lat' dir='ltr'><strong>fines</strong></span> <span class='ocrx_word' id='word_1_193' title='bbox 509 1771 546 1806; x_wconf 91' lang='lat' dir='ltr'><strong>in</strong></span> <span class='ocrx_word' id='word_1_194' title='bbox 562 1770 682 1805; x_wconf 76' lang='lat' dir='ltr'><strong>Africa</strong></span> <span class='ocrx_word' id='word_1_195' title='bbox 697 1770 770 1804; x_wconf 84' lang='lat' dir='ltr'><strong>iam</strong></span> <span class='ocrx_word' id='word_1_196' title='bbox 786 1771 964 1806; x_wconf 89' lang='lat' dir='ltr'>imminuti</span> <span class='ocrx_word' id='word_1_197' title='bbox 980 1775 1096 1815; x_wconf 85' lang='lat' dir='ltr'><strong>erant,</strong></span> <span class='ocrx_word' id='word_1_198' title='bbox 1122 1773 1216 1816; x_wconf 85' lang='lat' dir='ltr'><strong>quod</strong></span> <span class='ocrx_word' id='word_1_199' title='bbox 1241 1784 1310 1807; x_wconf 89' lang='lat' dir='ltr'><strong>non</strong></span> <span class='ocrx_word' id='word_1_200' title='bbox 1335 1778 1417 1808; x_wconf 80' lang='lat' dir='ltr'><strong>ante</strong></span> <span class='ocrx_word' id='word_1_201' title='bbox 1440 1783 1559 1807; x_wconf 86' lang='lat' dir='ltr'><strong>secun-</strong></span> 
     </span>
     <span class='ocr_line' id='line_1_22' title="bbox 157 1831 1561 1881; baseline -0.001 -11"><span class='ocrx_word' id='word_1_202' title='bbox 157 1836 242 1870; x_wconf 88' lang='lat' dir='ltr'><strong>dum</strong></span> <span class='ocrx_word' id='word_1_203' title='bbox 258 1836 413 1878; x_wconf 87' lang='lat' dir='ltr'><strong>bellum,</strong></span> <span class='ocrx_word' id='word_1_204' title='bbox 439 1833 501 1868; x_wconf 86' lang='lat' dir='ltr'><strong>sed</strong></span> <span class='ocrx_word' id='word_1_205' title='bbox 517 1843 555 1867; x_wconf 86' lang='lat' dir='ltr'><strong>eo</strong></span> <span class='ocrx_word' id='word_1_206' title='bbox 569 1833 668 1873; x_wconf 75' lang='lat' dir='ltr'><strong>finito</strong></span> <span class='ocrx_word' id='word_1_207' title='bbox 681 1831 835 1876; x_wconf 80' lang='lat' dir='ltr'><strong>factum,</strong></span> <span class='ocrx_word' id='word_1_208' title='bbox 861 1833 1050 1868; x_wconf 81' lang='lat' dir='ltr'>Masinissa</span> <span class='ocrx_word' id='word_1_209' title='bbox 1075 1845 1143 1868; x_wconf 90' lang='lat' dir='ltr'><strong>non</strong></span> <span class='ocrx_word' id='word_1_210' title='bbox 1168 1834 1366 1868; x_wconf 76' lang='lat' dir='ltr'><strong>nolentibus</strong></span> <span class='ocrx_word' id='word_1_211' title='bbox 1387 1833 1561 1881; x_wconf 58' lang='lat' dir='ltr'><strong>&amp;mauis</strong></span> 
     </span>
     <span class='ocr_line' id='line_1_23' title="bbox 157 1893 1560 1940; baseline -0.003 -8"><span class='ocrx_word' id='word_1_212' title='bbox 157 1897 304 1932; x_wconf 88' lang='lat' dir='ltr'><strong>illorum</strong></span> <span class='ocrx_word' id='word_1_213' title='bbox 337 1895 510 1930; x_wconf 87' lang='lat' dir='ltr'><strong>dicionem</strong></span> <span class='ocrx_word' id='word_1_214' title='bbox 541 1893 740 1927; x_wconf 80' lang='lat' dir='ltr'><strong>infestante.</strong></span> <span class='ocrx_word' id='word_1_215' title='bbox 777 1913 821 1918; x_wconf 94' lang='lat'><strong>—</strong></span> <span class='ocrx_word' id='word_1_216' title='bbox 859 1894 1035 1928; x_wconf 80' lang='lat' dir='ltr'><strong>Numidae</strong></span> <span class='ocrx_word' id='word_1_217' title='bbox 1063 1897 1177 1928; x_wconf 81' lang='lat' dir='ltr'><strong>exstat</strong></span> <span class='ocrx_word' id='word_1_218' title='bbox 1207 1894 1245 1928; x_wconf 91' lang='lat' dir='ltr'><strong>in</strong></span> <span class='ocrx_word' id='word_1_219' title='bbox 1267 1895 1375 1940; x_wconf 87' lang='lat' dir='ltr'><strong>longe</strong></span> <span class='ocrx_word' id='word_1_220' title='bbox 1398 1893 1560 1939; x_wconf 80' lang='lat' dir='ltr'><strong>plurimis</strong></span> 
     </span>
     <span class='ocr_line' id='line_1_24' title="bbox 157 1954 1557 2002; baseline -0.004 -9"><span class='ocrx_word' id='word_1_221' title='bbox 157 1958 284 2002; x_wconf 82' lang='lat' dir='ltr'><strong>Rivii,</strong></span> <span class='ocrx_word' id='word_1_222' title='bbox 316 1955 482 1998; x_wconf 83' lang='lat' dir='ltr'><strong>Gruteri,</strong></span> <span class='ocrx_word' id='word_1_223' title='bbox 516 1954 668 1996; x_wconf 80' lang='lat' dir='ltr'><strong>Wassii‚</strong></span> <span class='ocrx_word' id='word_1_224' title='bbox 698 1954 921 1998; x_wconf 80' lang='lat' dir='ltr'><strong>aliorumque</strong></span> <span class='ocrx_word' id='word_1_225' title='bbox 953 1954 1052 1990; x_wconf 86' lang='lat' dir='ltr'><strong>codd.</strong></span> <span class='ocrx_word' id='word_1_226' title='bbox 1081 1954 1152 1988; x_wconf 89' lang='lat' dir='ltr'><strong>Sed</strong></span> <span class='ocrx_word' id='word_1_227' title='bbox 1174 1954 1211 1989; x_wconf 93' lang='lat' dir='ltr'><strong>in</strong></span> <span class='ocrx_word' id='word_1_228' title='bbox 1234 1955 1343 1991; x_wconf 75' lang='lat' dir='ltr'><strong>Fabr.</strong></span> <span class='ocrx_word' id='word_1_229' title='bbox 1368 1956 1403 1990; x_wconf 86' lang='lat'><strong>1.</strong></span> <span class='ocrx_word' id='word_1_230' title='bbox 1425 1955 1496 1991; x_wconf 78' lang='lat' dir='ltr'><strong>luc.</strong></span> <span class='ocrx_word' id='word_1_231' title='bbox 1521 1955 1557 1989; x_wconf 89' lang='lat'><strong>1.</strong></span> 
     </span>
     <span class='ocr_line' id='line_1_25' title="bbox 157 2014 1556 2055; baseline -0.002 -1"><span class='ocrx_word' id='word_1_232' title='bbox 157 2020 195 2055; x_wconf 87' lang='grc'><strong>2.</strong></span> <span class='ocrx_word' id='word_1_233' title='bbox 218 2019 300 2053; x_wconf 91' lang='lat' dir='ltr'><strong>Seu.</strong></span> <span class='ocrx_word' id='word_1_234' title='bbox 323 2018 358 2053; x_wconf 91' lang='lat'><strong>1.</strong></span> <span class='ocrx_word' id='word_1_235' title='bbox 382 2018 417 2054; x_wconf 83' lang='lat'><strong>2.</strong></span> <span class='ocrx_word' id='word_1_236' title='bbox 441 2018 568 2051; x_wconf 83' lang='lat' dir='ltr'><strong>Heuss.</strong></span> <span class='ocrx_word' id='word_1_237' title='bbox 592 2015 700 2049; x_wconf 79' lang='lat' dir='ltr'><strong>Acad.</strong></span> <span class='ocrx_word' id='word_1_238' title='bbox 725 2014 845 2048; x_wconf 84' lang='lat' dir='ltr'><strong>Struv.</strong></span> <span class='ocrx_word' id='word_1_239' title='bbox 869 2016 973 2048; x_wconf 86' lang='lat' dir='ltr'><strong>Rem.</strong></span> <span class='ocrx_word' id='word_1_240' title='bbox 997 2014 1032 2048; x_wconf 87' lang='lat'><strong>1.</strong></span> <span class='ocrx_word' id='word_1_241' title='bbox 1056 2014 1177 2049; x_wconf 81' lang='lat' dir='ltr'><strong>multis</strong></span> <span class='ocrx_word' id='word_1_242' title='bbox 1202 2015 1321 2050; x_wconf 76' lang='lat' dir='ltr'><strong>Guelf.</strong></span> <span class='ocrx_word' id='word_1_243' title='bbox 1356 2014 1478 2049; x_wconf 83' lang='lat' dir='ltr'><strong>Leidd.</strong></span> <span class='ocrx_word' id='word_1_244' title='bbox 1512 2015 1556 2051; x_wconf 76' lang='lat' dir='ltr'><strong>A.</strong></span> 
     </span>
     <span class='ocr_line' id='line_1_26' title="bbox 156 2074 1558 2116; baseline -0.004 0"><span class='ocrx_word' id='word_1_245' title='bbox 156 2080 204 2116; x_wconf 89' lang='grc' dir='ltr'><strong>Β.</strong></span> <span class='ocrx_word' id='word_1_246' title='bbox 226 2081 270 2114; x_wconf 87' lang='grc' dir='ltr'><strong>Ε.</strong></span> <span class='ocrx_word' id='word_1_247' title='bbox 294 2080 342 2113; x_wconf 90' lang='lat'><strong>11.</strong></span> <span class='ocrx_word' id='word_1_248' title='bbox 367 2078 393 2113; x_wconf 92' lang='grc' dir='ltr'><strong>Ι.</strong></span> <span class='ocrx_word' id='word_1_249' title='bbox 418 2079 464 2112; x_wconf 89' lang='grc' dir='ltr'><strong>Κ.</strong></span> <span class='ocrx_word' id='word_1_250' title='bbox 487 2077 539 2112; x_wconf 90' lang='grc' dir='ltr'><strong>Μ.</strong></span> <span class='ocrx_word' id='word_1_251' title='bbox 565 2076 641 2110; x_wconf 79' lang='lat' dir='ltr'><strong>Erl.</strong></span> <span class='ocrx_word' id='word_1_252' title='bbox 666 2075 772 2109; x_wconf 86' lang='lat' dir='ltr'><strong>Misu.</strong></span> <span class='ocrx_word' id='word_1_253' title='bbox 796 2075 916 2109; x_wconf 90' lang='lat' dir='ltr'><strong>Berol.</strong></span> <span class='ocrx_word' id='word_1_254' title='bbox 939 2074 975 2110; x_wconf 80' lang='lat'><strong>2.</strong></span> <span class='ocrx_word' id='word_1_255' title='bbox 1002 2077 1038 2108; x_wconf 91' lang='lat' dir='ltr'><strong>et</strong></span> <span class='ocrx_word' id='word_1_256' title='bbox 1065 2074 1214 2110; x_wconf 87' lang='lat' dir='ltr'><strong>Goerlit.</strong></span> <span class='ocrx_word' id='word_1_257' title='bbox 1237 2075 1392 2110; x_wconf 80' lang='lat' dir='ltr'><strong>habetur</strong></span> <span class='ocrx_word' id='word_1_258' title='bbox 1428 2076 1558 2111; x_wconf 86' lang='lat' dir='ltr'><strong>Numi-</strong></span> 
     </span>
     <span class='ocr_line' id='line_1_27' title="bbox 159 2135 1556 2185; baseline -0.002 -10"><span class='ocrx_word' id='word_1_259' title='bbox 159 2142 242 2176; x_wconf 83' lang='lat' dir='ltr'><strong>diae</strong></span> <span class='ocrx_word' id='word_1_260' title='bbox 256 2165 267 2182; x_wconf 90' lang='lat'><strong>,</strong></span> <span class='ocrx_word' id='word_1_261' title='bbox 292 2139 330 2173; x_wconf 89' lang='lat' dir='ltr'><strong>in</strong></span> <span class='ocrx_word' id='word_1_262' title='bbox 352 2150 422 2172; x_wconf 90' lang='lat' dir='ltr'><strong>uno</strong></span> <span class='ocrx_word' id='word_1_263' title='bbox 438 2139 516 2172; x_wconf 85' lang='lat' dir='ltr'><strong>Vin.</strong></span> <span class='ocrx_word' id='word_1_264' title='bbox 532 2138 570 2185; x_wconf 56' lang='lat'><strong>2.</strong></span> <span class='ocrx_word' id='word_1_265' title='bbox 587 2136 760 2172; x_wconf 82' lang='lat' dir='ltr'><strong>Numidia</strong></span> <span class='ocrx_word' id='word_1_266' title='bbox 773 2162 783 2178; x_wconf 91' lang='lat'><strong>,</strong></span> <span class='ocrx_word' id='word_1_267' title='bbox 807 2135 899 2178; x_wconf 89' lang='lat' dir='ltr'><strong>quod</strong></span> <span class='ocrx_word' id='word_1_268' title='bbox 917 2135 1056 2171; x_wconf 88' lang='lat' dir='ltr'><strong>Cortius</strong></span> <span class='ocrx_word' id='word_1_269' title='bbox 1072 2148 1256 2181; x_wconf 78' lang='lat' dir='ltr'><strong>perperam</strong></span> <span class='ocrx_word' id='word_1_270' title='bbox 1271 2137 1427 2182; x_wconf 82' lang='lat' dir='ltr'><strong>recepit,</strong></span> <span class='ocrx_word' id='word_1_271' title='bbox 1448 2136 1556 2181; x_wconf 85' lang='lat' dir='ltr'><strong>Bipp.</strong></span> 
     </span>
     <span class='ocr_line' id='line_1_28' title="bbox 158 2197 1558 2246; baseline -0.002 -10"><span class='ocrx_word' id='word_1_272' title='bbox 158 2201 381 2242; x_wconf 78' lang='lat' dir='ltr'><strong>Kuuhardto,</strong></span> <span class='ocrx_word' id='word_1_273' title='bbox 403 2200 552 2246; x_wconf 84' lang='lat' dir='ltr'><strong>Langio,</strong></span> <span class='ocrx_word' id='word_1_274' title='bbox 573 2198 747 2233; x_wconf 88' lang='lat' dir='ltr'><strong>Muellero</strong></span> <span class='ocrx_word' id='word_1_275' title='bbox 763 2197 1046 2240; x_wconf 80' lang='lat' dir='ltr'><strong>obsequentibus.</strong></span> <span class='ocrx_word' id='word_1_276' title='bbox 1082 2199 1309 2243; x_wconf 76' lang='lat' dir='ltr'><strong>Quamquam</strong></span> <span class='ocrx_word' id='word_1_277' title='bbox 1328 2197 1473 2233; x_wconf 90' lang='lat' dir='ltr'><strong>enimin</strong></span> <span class='ocrx_word' id='word_1_278' title='bbox 1489 2198 1558 2234; x_wconf 85' lang='lat' dir='ltr'><strong>ista</strong></span> 
     </span>
     <span class='ocr_line' id='line_1_29' title="bbox 158 2257 1558 2304; baseline -0.003 -6"><span class='ocrx_word' id='word_1_279' title='bbox 158 2262 296 2298; x_wconf 87' lang='lat' dir='ltr'><strong>dicendi</strong></span> <span class='ocrx_word' id='word_1_280' title='bbox 327 2261 464 2296; x_wconf 84' lang='lat' dir='ltr'><strong>ratione</strong></span> <span class='ocrx_word' id='word_1_281' title='bbox 489 2259 582 2294; x_wconf 86' lang='lat' dir='ltr'><strong>nihil</strong></span> <span class='ocrx_word' id='word_1_282' title='bbox 605 2257 760 2303; x_wconf 80' lang='lat' dir='ltr'><strong>perversi</strong></span> <span class='ocrx_word' id='word_1_283' title='bbox 781 2257 891 2301; x_wconf 88' lang='lat' dir='ltr'><strong>inest,</strong></span> <span class='ocrx_word' id='word_1_284' title='bbox 924 2261 1044 2293; x_wconf 86' lang='lat' dir='ltr'><strong>tamen</strong></span> <span class='ocrx_word' id='word_1_285' title='bbox 1064 2259 1164 2293; x_wconf 85' lang='lat' dir='ltr'><strong>codd.</strong></span> <span class='ocrx_word' id='word_1_286' title='bbox 1186 2259 1441 2304; x_wconf 77' lang='lat' dir='ltr'><strong>discrepantiae</strong></span> <span class='ocrx_word' id='word_1_287' title='bbox 1459 2262 1558 2294; x_wconf 84' lang='lat' dir='ltr'><strong>recte</strong></span> 
     </span>
     <span class='ocr_line' id='line_1_30' title="bbox 158 2319 1556 2365; baseline -0.004 -6"><span class='ocrx_word' id='word_1_288' title='bbox 158 2323 400 2359; x_wconf 86' lang='lat' dir='ltr'><strong>consideratae</strong></span> <span class='ocrx_word' id='word_1_289' title='bbox 427 2322 525 2357; x_wconf 82' lang='lat' dir='ltr'><strong>aliud</strong></span> <span class='ocrx_word' id='word_1_290' title='bbox 548 2331 672 2354; x_wconf 84' lang='lat' dir='ltr'><strong>verum</strong></span> <span class='ocrx_word' id='word_1_291' title='bbox 696 2330 771 2353; x_wconf 86' lang='lat' dir='ltr'><strong>esse</strong></span> <span class='ocrx_word' id='word_1_292' title='bbox 794 2319 990 2354; x_wconf 86' lang='lat' dir='ltr'><strong>ostendunt.</strong></span> <span class='ocrx_word' id='word_1_293' title='bbox 1033 2321 1088 2354; x_wconf 84' lang='lat' dir='ltr'><strong>Ex</strong></span> <span class='ocrx_word' id='word_1_294' title='bbox 1114 2321 1293 2356; x_wconf 79' lang='lat' dir='ltr'><strong>Numidae</strong></span> <span class='ocrx_word' id='word_1_295' title='bbox 1315 2320 1430 2363; x_wconf 76' lang='lat' dir='ltr'><strong>euim,</strong></span> <span class='ocrx_word' id='word_1_296' title='bbox 1463 2321 1556 2365; x_wconf 80' lang='lat' dir='ltr'><strong>quod</strong></span> 
     </span>
     <span class='ocr_line' id='line_1_31' title="bbox 158 2380 1556 2426; baseline -0.002 -7"><span class='ocrx_word' id='word_1_297' title='bbox 158 2384 319 2422; x_wconf 78' lang='lat' dir='ltr'><strong>Sallustii</strong></span> <span class='ocrx_word' id='word_1_298' title='bbox 343 2383 430 2425; x_wconf 78' lang='lat' dir='ltr'><strong>ruit,</strong></span> <span class='ocrx_word' id='word_1_299' title='bbox 470 2382 660 2417; x_wconf 78' lang='lat' dir='ltr'><strong>Numidiae</strong></span> <span class='ocrx_word' id='word_1_300' title='bbox 683 2381 818 2415; x_wconf 86' lang='lat' dir='ltr'><strong>factum</strong></span> <span class='ocrx_word' id='word_1_301' title='bbox 845 2380 1113 2424; x_wconf 84' lang='lat' dir='ltr'><strong>interpolatione</strong></span> <span class='ocrx_word' id='word_1_302' title='bbox 1143 2381 1359 2425; x_wconf 83' lang='lat' dir='ltr'><strong>scribarum,</strong></span> <span class='ocrx_word' id='word_1_303' title='bbox 1391 2381 1452 2426; x_wconf 82' lang='lat' dir='ltr'><strong>qui</strong></span> <span class='ocrx_word' id='word_1_304' title='bbox 1486 2382 1556 2416; x_wconf 88' lang='lat' dir='ltr'><strong>hoc</strong></span> 
     </span>
     <span class='ocr_line' id='line_1_32' title="bbox 157 2441 1554 2488; baseline -0.004 -6"><span class='ocrx_word' id='word_1_305' title='bbox 157 2458 283 2482; x_wconf 77' lang='lat' dir='ltr'><strong>nomen</strong></span> <span class='ocrx_word' id='word_1_306' title='bbox 304 2445 361 2478; x_wconf 77' lang='lat' dir='ltr'><strong>vel</strong></span> <span class='ocrx_word' id='word_1_307' title='bbox 380 2445 425 2477; x_wconf 84' lang='lat' dir='ltr'><strong>oh</strong></span> <span class='ocrx_word' id='word_1_308' title='bbox 447 2441 723 2488; x_wconf 73' lang='lat' dir='ltr'><strong>grammaticae,</strong></span> <span class='ocrx_word' id='word_1_309' title='bbox 750 2442 808 2476; x_wconf 84' lang='lat' dir='ltr'><strong>vel</strong></span> <span class='ocrx_word' id='word_1_310' title='bbox 828 2442 874 2476; x_wconf 91' lang='lat' dir='ltr'><strong>ob</strong></span> <span class='ocrx_word' id='word_1_311' title='bbox 895 2442 1154 2488; x_wconf 81' lang='lat' dir='ltr'><strong>geographicas</strong></span> <span class='ocrx_word' id='word_1_312' title='bbox 1168 2442 1319 2476; x_wconf 83' lang='lat' dir='ltr'><strong>rationes</strong></span> <span class='ocrx_word' id='word_1_313' title='bbox 1338 2453 1360 2476; x_wconf 86' lang='lat' dir='ltr'><strong>a</strong></span> <span class='ocrx_word' id='word_1_314' title='bbox 1379 2453 1466 2487; x_wconf 78' lang='lat' dir='ltr'><strong>pars</strong></span> <span class='ocrx_word' id='word_1_315' title='bbox 1486 2452 1554 2477; x_wconf 82' lang='lat' dir='ltr'><strong>vo-</strong></span> 
     </span>
     <span class='ocr_line' id='line_1_33' title="bbox 158 2500 1552 2551; baseline -0.007 -7"><span class='ocrx_word' id='word_1_316' title='bbox 158 2507 286 2544; x_wconf 79' lang='lat' dir='ltr'><strong>cabulo</strong></span> <span class='ocrx_word' id='word_1_317' title='bbox 299 2505 447 2551; x_wconf 88' lang='lat' dir='ltr'><strong>pendere</strong></span> <span class='ocrx_word' id='word_1_318' title='bbox 466 2504 596 2537; x_wconf 87' lang='lat' dir='ltr'><strong>debere</strong></span> <span class='ocrx_word' id='word_1_319' title='bbox 612 2506 855 2545; x_wconf 82' lang='lat' dir='ltr'><strong>autumarent3</strong></span> <span class='ocrx_word' id='word_1_320' title='bbox 893 2503 1085 2537; x_wconf 77' lang='lat' dir='ltr'><strong>Numidiae</strong></span> <span class='ocrx_word' id='word_1_321' title='bbox 1104 2507 1222 2538; x_wconf 83' lang='lat' dir='ltr'><strong>autem</strong></span> <span class='ocrx_word' id='word_1_322' title='bbox 1247 2502 1363 2537; x_wconf 81' lang='lat' dir='ltr'><strong>scriba</strong></span> <span class='ocrx_word' id='word_1_323' title='bbox 1382 2502 1457 2536; x_wconf 87' lang='lat' dir='ltr'><strong>cod.</strong></span> <span class='ocrx_word' id='word_1_324' title='bbox 1474 2500 1552 2535; x_wconf 85' lang='lat' dir='ltr'><strong>vin.</strong></span> 
     </span>
     <span class='ocr_line' id='line_1_34' title="bbox 158 2561 1554 2608; baseline -0.007 -2"><span class='ocrx_word' id='word_1_325' title='bbox 158 2571 195 2606; x_wconf 82' lang='lat'><strong>2.</strong></span> <span class='ocrx_word' id='word_1_326' title='bbox 219 2568 370 2604; x_wconf 84' lang='lat' dir='ltr'><strong>secunda</strong></span> <span class='ocrx_word' id='word_1_327' title='bbox 392 2563 665 2608; x_wconf 86' lang='lat' dir='ltr'><strong>interpolatione</strong></span> <span class='ocrx_word' id='word_1_328' title='bbox 688 2563 842 2598; x_wconf 86' lang='lat' dir='ltr'><strong>mutavit</strong></span> <span class='ocrx_word' id='word_1_329' title='bbox 862 2563 900 2598; x_wconf 89' lang='lat' dir='ltr'><strong>in</strong></span> <span class='ocrx_word' id='word_1_330' title='bbox 926 2563 1110 2603; x_wconf 80' lang='lat' dir='ltr'><strong>Numidia,</strong></span> <span class='ocrx_word' id='word_1_331' title='bbox 1136 2563 1232 2596; x_wconf 86' lang='lat' dir='ltr'><strong>haud</strong></span> <span class='ocrx_word' id='word_1_332' title='bbox 1255 2562 1360 2597; x_wconf 82' lang='lat' dir='ltr'><strong>dubie</strong></span> <span class='ocrx_word' id='word_1_333' title='bbox 1382 2561 1467 2607; x_wconf 79' lang='lat' dir='ltr'><strong>quia</strong></span> <span class='ocrx_word' id='word_1_334' title='bbox 1488 2572 1554 2605; x_wconf 85' lang='lat' dir='ltr'><strong>pro</strong></span> 
     </span>
     <span class='ocr_line' id='line_1_35' title="bbox 159 2623 1554 2677; baseline -0.006 -12"><span class='ocrx_word' id='word_1_335' title='bbox 159 2629 308 2677; x_wconf 84' lang='lat' dir='ltr'><strong>pluralis</strong></span> <span class='ocrx_word' id='word_1_336' title='bbox 336 2625 551 2662; x_wconf 84' lang='lat' dir='ltr'><strong>nominativo</strong></span> <span class='ocrx_word' id='word_1_337' title='bbox 582 2624 730 2669; x_wconf 79' lang='lat' dir='ltr'><strong>habuit,</strong></span> <span class='ocrx_word' id='word_1_338' title='bbox 765 2635 868 2668; x_wconf 88' lang='lat' dir='ltr'><strong>quem</strong></span> <span class='ocrx_word' id='word_1_339' title='bbox 899 2627 934 2658; x_wconf 91' lang='lat' dir='ltr'><strong>et</strong></span> <span class='ocrx_word' id='word_1_340' title='bbox 963 2634 985 2658; x_wconf 82' lang='lat' dir='ltr'><strong>a</strong></span> <span class='ocrx_word' id='word_1_341' title='bbox 1017 2623 1181 2668; x_wconf 85' lang='lat' dir='ltr'><strong>loquendi</strong></span> <span class='ocrx_word' id='word_1_342' title='bbox 1214 2635 1279 2658; x_wconf 89' lang='lat' dir='ltr'><strong>usu</strong></span> <span class='ocrx_word' id='word_1_343' title='bbox 1311 2626 1346 2658; x_wconf 89' lang='lat' dir='ltr'><strong>et</strong></span> <span class='ocrx_word' id='word_1_344' title='bbox 1378 2623 1424 2657; x_wconf 83' lang='lat' dir='ltr'><strong>ab</strong></span> <span class='ocrx_word' id='word_1_345' title='bbox 1447 2623 1554 2658; x_wconf 80' lang='lat' dir='ltr'><strong>huius</strong></span> 
     </span>
     <span class='ocr_line' id='line_1_36' title="bbox 160 2683 1555 2726; baseline -0.004 -3"><span class='ocrx_word' id='word_1_346' title='bbox 160 2689 231 2726; x_wconf 88' lang='lat' dir='ltr'><strong>loci</strong></span> <span class='ocrx_word' id='word_1_347' title='bbox 255 2701 357 2724; x_wconf 84' lang='lat' dir='ltr'><strong>sensu</strong></span> <span class='ocrx_word' id='word_1_348' title='bbox 378 2687 532 2723; x_wconf 84' lang='lat' dir='ltr'><strong>alienum</strong></span> <span class='ocrx_word' id='word_1_349' title='bbox 555 2696 631 2720; x_wconf 86' lang='lat' dir='ltr'><strong>esse</strong></span> <span class='ocrx_word' id='word_1_350' title='bbox 653 2685 806 2720; x_wconf 80' lang='lat' dir='ltr'><strong>sentiret.</strong></span> <span class='ocrx_word' id='word_1_351' title='bbox 836 2703 884 2709; x_wconf 89' lang='lat'>—</span> <span class='ocrx_word' id='word_1_352' title='bbox 915 2684 1082 2718; x_wconf 78' lang='lat' dir='ltr'><strong>Mulucha</strong></span> <span class='ocrx_word' id='word_1_353' title='bbox 1115 2684 1263 2726; x_wconf 85' lang='lat' dir='ltr'><strong>flumen,</strong></span> <span class='ocrx_word' id='word_1_354' title='bbox 1297 2683 1396 2718; x_wconf 85' lang='lat' dir='ltr'><strong>cuius</strong></span> <span class='ocrx_word' id='word_1_355' title='bbox 1426 2683 1555 2718; x_wconf 83' lang='lat' dir='ltr'><strong>iterum</strong></span> 
     </span>
     <span class='ocr_line' id='line_1_37' title="bbox 163 2743 1551 2789; baseline -0.005 -4"><span class='ocrx_word' id='word_1_356' title='bbox 163 2750 296 2785; x_wconf 87' lang='lat' dir='ltr'><strong>mentio</strong></span> <span class='ocrx_word' id='word_1_357' title='bbox 331 2749 370 2783; x_wconf 83' lang='lat' dir='ltr'><strong>fit</strong></span> <span class='ocrx_word' id='word_1_358' title='bbox 414 2759 444 2782; x_wconf 86' lang='grc' dir='ltr'><strong>ο.</strong></span> <span class='ocrx_word' id='word_1_359' title='bbox 473 2747 590 2789; x_wconf 75' lang='lat' dir='ltr'><strong>Xon,</strong></span> <span class='ocrx_word' id='word_1_360' title='bbox 627 2745 684 2788; x_wconf 82' lang='grc'><strong>5.,</strong></span> <span class='ocrx_word' id='word_1_361' title='bbox 717 2745 809 2789; x_wconf 86' lang='lat' dir='ltr'><strong>apud</strong></span> <span class='ocrx_word' id='word_1_362' title='bbox 841 2743 1051 2779; x_wconf 86' lang='lat' dir='ltr'><strong>Strabonem</strong></span> <span class='ocrx_word' id='word_1_363' title='bbox 1083 2745 1200 2787; x_wconf 81' lang='lat' dir='ltr'><strong>xvn,</strong></span> <span class='ocrx_word' id='word_1_364' title='bbox 1232 2744 1268 2779; x_wconf 78' lang='lat'><strong>3.</strong></span> <span class='ocrx_word' id='word_1_365' title='bbox 1305 2756 1339 2788; x_wconf 87' lang='lat' dir='ltr'><strong>p.</strong></span> <span class='ocrx_word' id='word_1_366' title='bbox 1375 2743 1456 2780; x_wconf 75' lang='lat'><strong>484.</strong></span> <span class='ocrx_word' id='word_1_367' title='bbox 1498 2745 1551 2779; x_wconf 83' lang='lat' dir='ltr'><strong>ed.</strong></span> 
     </span>
     <span class='ocr_line' id='line_1_38' title="bbox 164 2803 1552 2853; baseline -0.006 -7"><span class='ocrx_word' id='word_1_368' title='bbox 164 2811 323 2846; x_wconf 83' lang='lat' dir='ltr'><strong>Tauchn.</strong></span> <span class='ocrx_word' id='word_1_369' title='bbox 359 2821 392 2853; x_wconf 87' lang='lat' dir='ltr'><strong>p.</strong></span> <span class='ocrx_word' id='word_1_370' title='bbox 427 2806 532 2843; x_wconf 79' lang='lat'><strong>1185.</strong></span> <span class='ocrx_word' id='word_1_371' title='bbox 559 2807 731 2842; x_wconf 77' lang='lat' dir='ltr'><strong>Almelov.</strong></span> <span class='ocrx_word' id='word_1_372' title='bbox 757 2804 944 2850; x_wconf 75' lang='grc' dir='ltr'><em>Μολοχάθ</em></span> <span class='ocrx_word' id='word_1_373' title='bbox 969 2808 1127 2840; x_wconf 76' lang='lat' dir='ltr'><strong>vocatur.</strong></span> <span class='ocrx_word' id='word_1_374' title='bbox 1151 2815 1184 2839; x_wconf 81' lang='lat' dir='ltr'><strong>v.</strong></span> <span class='ocrx_word' id='word_1_375' title='bbox 1210 2804 1337 2839; x_wconf 84' lang='lat' dir='ltr'><strong>Cellar.</strong></span> <span class='ocrx_word' id='word_1_376' title='bbox 1362 2804 1441 2840; x_wconf 88' lang='lat' dir='ltr'><strong>Not.</strong></span> <span class='ocrx_word' id='word_1_377' title='bbox 1466 2803 1552 2839; x_wconf 82' lang='lat' dir='ltr'><strong>Otb.</strong></span> 
     </span>
    </p>
   </div>
  </div>
 </body>
</html>
