1716 2996
205 113 266 158 80
587 127 593 142 ³
826 105 1003 158 INDEX

209 228 357 321 Verbtgn
366 226 479 321 Ιὲἆεξη
509 225 634 322 agag}
662 227 747 319 {oco
779 226 958 273 duplicem
992 227 1288 276 significationem
1317 232 1453 268 habere
1475 234 1606 279 nequit,

332 312 342 323 .
412 313 423 328 ,
472 309 483 321 .
546 309 557 320 .
628 311 639 328 ,
688 306 699 320 ι
753 295 766 314 ²

211 355 358 390 Verbum
380 355 475 389 idom
497 364 540 389 cx
562 353 687 389 eodem
709 353 875 399 pendens,
898 354 938 389 C.
961 353 1021 398 52,
1043 354 1105 394 22.

212 414 359 449 Verbum
381 413 476 447 idem
497 423 568 446 non
599 415 714 456 potest
743 411 863 447 simul
885 412 1083 448 subiectum
1115 414 1300 449 definitum
1331 417 1367 450 et
1389 414 1607 450 indefinitum

301 470 491 512 continere,
515 469 556 505 G.
579 468 638 512 51,
661 468 721 504 39.

213 540 361 577 Verbum
381 538 545 584 pluribus
567 537 796 573 substantivis
816 540 1035 587 praegressis
1066 551 1172 586 saepe
1201 540 1247 576 ml
1279 553 1457 590 numerum
1488 541 1608 576 ultimi

301 610 341 634 se
364 596 622 640 accommodat,
645 596 684 631 C.
707 595 766 638 12,
789 597 826 633 1.

214 667 363 703 Verbum
388 665 612 712 compositum
634 653 813 711 nunquam
837 669 890 702 est
911 677 976 713 pro
998 666 1165 711 simplici,
1187 667 1215 703 Ι.
1239 666 1298 712 51,
1322 667 1359 704 1.

212 725 315 762 Verbi
337 725 491 760 eiusdem
514 725 588 759 alia
610 725 727 760 forma
749 736 792 759 ex
816 725 1041 767 sequentibus
1065 726 1110 759 ad
1133 729 1338 772 antegressa
1360 725 1519 771 suppleri
1541 725 1606 759 ‹le-

299 783 371 826 bot,
395 782 434 817 C.
459 782 518 825 47,
540 781 575 816 2.
621 783 650 817 Ι.
674 783 734 827 49,
757 782 792 817 2.
839 783 900 825 71,
924 783 959 819 2.
1006 781 1064 825 73,
1088 782 1122 817 4.
1169 783 1229 827 81,
1253 784 1289 819 1.

212 842 314 878 Verbi
336 841 489 876 eiusdem
503 840 586 886 ,alia
608 840 729 876 formu
751 852 795 876 ex
816 840 1036 887 praegressis
1057 843 1265 886 repetenda,
1287 842 1328 879 G.
1351 841 1390 886 3,
1414 841 1450 878 2.
1496 841 1526 877 1.
1548 838 1606 883 75,

296 899 333 936 7.
379 898 440 944 85,
463 897 522 933 38.

211 956 331 995 Verbis
352 956 554 1002 compositis
583 967 649 1001 per
679 955 932 992 abundantiam
962 956 1159 1001 particulae
1188 957 1346 993 eiusdem
1369 968 1491 992 sensus
1514 954 1606 992 adii-

297 1016 451 1060 ciuntur,
475 1015 515 1049 C.
540 1013 599 1057 18,
621 1013 656 1050 6.
704 1014 831 1058 32,1.

212 1075 331 1112 Verbis
354 1073 687 1120 praecipiendi
724 1076 788 1108 aut
829 1073 1025 1108 voluntatis
1061 1074 1158 1110 solus
1186 1072 1427 1109 coniunctivus
1459 1071 1534 1107 sine
1565 1075 1606 1107 ut

298 1132 516 1179 adiungitur,
539 1131 579 1166 C.
602 1130 663 1175 29,
685 1131 720 1169 2.
765 1130 826 1175 32,
849 1131 884 1167 1.
929 1131 958 1166 1.
983 1131 1043 1173 28,
1068 1131 1104 1166 1.

210 1204 329 1242 Verbis
354 1201 571 1249 pleonastice
593 1200 768 1235 adduntur
788 1200 935 1236 nomina
957 1200 1116 1236 eiusdem
1138 1171 1345 1245 potestatiss
1350 1211 1445 1246 quae
1466 1200 1505 1235 in
1523 1208 1606 1233 ver-

296 1262 344 1297 bo
365 1260 469 1304 inest,
495 1260 524 1296 1.
547 1257 606 1301 73,
630 1259 666 1294 1.
711 1257 770 1299 83,
791 1257 826 1294 3.

210 1321 396 1358 Verborum
418 1317 699 1354 collocandorum
722 1326 766 1350 eu
788 1315 861 1359 lex,
881 1319 922 1351 ut
944 1314 1117 1361 graviora
1137 1313 1419 1359 praemittantur,
1443 1313 1474 1348 Ι.
1498 1311 1604 1354 20,1.

295 1377 356 1422 55,
382 1376 417 1412 3.
464 1374 525 1418 82,
546 1374 582 1409 2.
626 1372 687 1416 83,
710 1372 746 1407 1.

209 1449 409 1486 Verborum,
432 1444 712 1481 collocandorum
748 1441 841 1477 ratio
875 1440 914 1476 in
953 1439 1122 1486 oppositis
1168 1438 1368 1482 sententiis,
1404 1437 1436 1473 1.
1469 1437 1536 1482 70,
1569 1437 1605 1472 5.

190 1503 402 1602 &mg-1¹2¹:
405 1529 701 1596 ’collocandorum
721 1557 914 1605 singularis
933 1557 1110 1603 quaedam
1129 1555 1234 1599 ratio,
1257 1554 1298 1589 Ca
1320 1551 1378 1598 58,
1403 1552 1438 1587 4.
1484 1552 1544 1596 6⁰,
1566 1553 1603 1590 7.
1622 1594 1624 1597 Ι

212 1616 531 1718 γποιθαὲίξιῗιιιξιιᾶί
552 1677 723 1722 potestate
744 1673 920 1721 positum,
950 1673 993 1709 G.
1023 1672 1093 1718 37,
1125 1671 1162 1707 4.
1207 1669 1275 1714 52,
1306 1668 1365 1705 15.
1411 1669 1446 1703 1.»
1466 1666 1534 1714 50,
1566 1667 1603 1703 6.

296 1738 355 1783 84,
379 1738 415 1773 1.
463 1735 525 1780 94,
545 1734 583 1770 3.

210 1810 354 1846 Versari
377 1809 416 1844 iu
439 1807 633 1852 aliquare,
656 1805 684 1842 1.
706 1803 767 1846 14,
789 1802 825 1838 9.

209 1869 335 1903 Versus
356 1866 394 1901 in
417 1863 578 1900 oratione
600 1861 766 1908 pedestri,
791 1862 831 1896 C.
856 1859 916 1903 19,
938 1858 973 1895 5.
1020 1858 1048 1894 Ι.
1074 1856 1112 1899 5,
1134 1857 1169 1893 1.
1214 1854 1274 1899 98,
1296 1853 1333 1888 2.
1377 1853 1517 1897 101,·8.

212 1938 338 1974 Versus
361 1946 444 1970 cum
466 1935 505 1970 in
527 1934 588 1969 vel
610 1934 660 1968 ad
683 1931 910 1967 coniunctum
927 1933 990 1966 aut
1010 1927 1238 1975 participium
1248 1927 1312 1968 est,
1337 1927 1398 1960 aut
1420 1910 1602 1968 praeposi-

299 1996 363 2039 tio,
384 1995 423 2030 C.
446 1991 507 2037 56,
530 1993 567 2028 4.
615 1992 646 2029 Ι.
668 1990 728 2034 58,
750 1989 788 2026 4.

211 2067 354 2103 Vertere
375 2063 544 2100 reflexivo
567 2064 682 2106 sen'su,
707 2062 746 2096 C.
769 2059 805 2103 6,
827 2059 865 2095 7.

212 2126 355 2162 Vertere
377 2122 515 2169 aliquid
538 2121 588 2157 ad
611 2121 766 2166 aliquam
789 2130 875 2161 rem,
899 2116 926 2152 i·
949 2128 984 2161 q.
1012 2125 1184 2162 exponere
1206 2112 1375 2159 impetui,
1406 2112 1434 2147 1.
1462 2110 1542 2154 107,
1565 2109 1600 2145 1.

211 2198 338 2233 Verum
359 2194 385 2230 i.
409 2205 444 2238 q.
470 2195 621 2235 rectum,
644 2191 673 2226 1.
697 2189 756 2235 16,
785 2188 820 2224 1.

211 2255 336 2291 Verum
359 2252 450 2288 enim
472 2263 569 2296 vero,
593 2250 632 2286 G.
657 2251 693 2286 2.
713 2249 749 2284 9.

191 2313 365 2349 ⁴Vestitus
386 2310 412 2346 i.
435 2321 472 2355 q.
496 2308 664 2354 consitus,
687 2308 715 2344 1.
738 2307 796 2352 48,
820 2306 860 2342 3.

212 2370 328 2407 Vestri
349 2381 421 2405 non
443 2371 496 2404 est
519 2367 700 2414 genitivus
729 2365 889 2412 pluralis,
913 2364 953 2399 C.
977 2363 1036 2405 33,
1059 2361 1095 2397 2.

209 2441 459 2476 Veteranorum
481 2437 567 2472 belli
591 2436 748 2479 scientia,
769 2437 798 2471 1.
822 2435 881 2478 97,
905 2433 941 2470 5.

210 2498 317 2534 Vetus
338 2496 514 2542 quomodo
546 2496 688 2531 differat
721 2495 767 2531 ab
791 2494 965 2539 antiquus,
987 2492 1015 2527 1.
1039 2487 1098 2533 ⁷5,
1122 2487 1157 2522 8.

211 2556 339 2590 Vexari
360 2566 417 2590 ree
439 2565 510 2599 quo
531 2566 633 2589 sensu
657 2553 831 2596 dicantur,
854 2553 894 2588 C.
918 2550 954 2594 5,
978 2550 1012 2587 8.

211 2614 379 2649 Videlicet
402 2612 536 2648 ironice
558 2613 710 2656 dictum,
737 2613 774 2646 C.
799 2611 856 2653 52,
881 2609 938 2645 14.

212 2672 382 2709 Videlicet
405 2670 482 2709 vim
504 2671 582 2709 eius
604 2669 771 2709 vocabuli
794 2672 913 2715 auget,
936 2667 993 2702 cui
1018 2665 1174 2702 additum
1199 2663 1264 2703 est,
1288 2660 1314 2694 Ι.
1342 2656 1421 2699 107,
1445 2657 1478 2690 ὃ.
