1702 2982
207 169 264 211 92
584 167 629 214 C.
659 167 989 214 SALLUSTI
1020 169 1245 215 CRISPI

206 284 306 344 puli
340 283 562 339 Romani,
598 285 830 331 subvenite
866 287 1031 333 misero
1060 287 1197 346 mihi,
1230 289 1292 335 ite
1326 258 1505 335 obviam
1533 291 1605 336 in-

206 359 372 440 iuriae,
406 382 544 427 nolite
578 383 676 443 pati
709 398 900 445 regnum
940 385 1180 431 Numidiae
1194 419 1206 443 ,
1244 385 1370 446 quod
1403 394 1605 434 vostrum

150 480 156 484 ⁴
206 485 297 537 est,
342 494 427 540 per
470 480 614 525 scelus
660 486 705 525 et
764 482 1028 542 sanguinem
1071 483 1268 528 familiae
1312 490 1488 531 nostrae
1532 491 1604 532 ta-

205 576 442 623 bescere.“

341 673 443 720 XV.
475 703 478 705 -
515 674 763 733 Postquam
808 689 888 719 rex
926 676 1065 723 finem
1107 677 1325 738 loquendi
1358 678 1493 735 fecit,
1533 679 1602 724 le-

203 772 299 834 gati
334 769 606 832 Iugurthae,
650 771 890 832 largitione
932 775 1075 836 magis
1119 791 1254 836 quam
1295 791 1453 821 caussa
1486 775 1603 834 freti,
1639 769 1645 772 ”

202 938 236 980 §-
260 935 317 971 86.
341 947 376 980 p.
399 934 482 971 212.
514 935 723 979 probatam,
755 947 941 981 perperam
967 938 1137 975 Sallustio
1169 941 1356 983 obtrudes,
1387 951 1497 984 quum
1519 951 1603 984 pro—

201 997 376 1033 batissimi
401 996 499 1032 codd.
531 1006 652 1030 omnes
676 995 809 1040 aliique
839 999 985 1042 plurimi
1016 1000 1053 1034 in
1084 1003 1226 1043 recepta
1260 1011 1283 1035 a
1305 1000 1408 1035 nobis
1430 999 1603 1045 scriptura

201 1058 429 1095 consentiant.
476 1056 576 1091 Unus
601 1059 736 1091 tantum
760 1059 838 1093 Vat.
862 1061 904 1094 A.
929 1061 1039 1095 verba
1060 1071 1125 1105 per
1142 1071 1202 1094 vos
1221 1072 1259 1105 p.
1280 1062 1304 1096 1.
1325 1073 1360 1096 a.
1380 1073 1417 1107 p.
1434 1073 1469 1096 v.
1493 1072 1530 1107 p.
1552 1073 1599 1096 m.

198 1121 410 1170 p.1,Romam‘
442 1117 587 1160 omisit,
621 1119 715 1162 quod
748 1130 831 1154 casu
863 1120 1024 1163 factum,
1056 1132 1146 1164 non,
1178 1125 1216 1156 ut
1239 1122 1450 1158 Gerlachius
1472 1126 1601 1166 censet,

199 1184 246 1220 ad
273 1183 447 1218 medelam
479 1181 706 1215 vexatissimo
730 1182 811 1216 loco
847 1181 927 1226 (qui
948 1182 1173 1226 planissimus
1193 1183 1263 1227 est)
1293 1184 1540 1220 adhibendam.
1565 1195 1598 1219 v„

201 1243 248 1279 ad
269 1253 299 1276 c.
316 1241 423 1283 XCll,
446 1240 482 1274 2.
500 1261 549 1268 --
568 1242 636 1276 Per
660 1243 770 1277 scelus
795 1247 899 1287 atque
921 1244 1133 1289 sanguinem
1149 1243 1353 1279 insolentius
1377 1245 1601 1280 coniunctum

198 1304 365 1344 videtum·
402 1302 566 1346 quamvis
597 1302 692 1337 enim
724 1307 912 1347 utrumque
934 1316 1060 1338 nomen
1084 1315 1126 1338 ex
1146 1316 1212 1349 per
1234 1307 1490 1351 praepositione
1513 1318 1600 1351 pen-

197 1366 300 1407 deat,
332 1368 451 1399 tamen
474 1363 575 1398 varia
606 1363 791 1408 utriusque
814 1365 904 1399 ratio
928 1369 991 1400 est.
1039 1365 1131 1400 Nam
1161 1378 1227 1410 per
1248 1369 1358 1402 scelus
1389 1376 1438 1402 ex'
1455 1367 1600 1414 linguae

197 1439 266 1463 usu
289 1438 359 1461 nou
383 1428 498 1470 potest
522 1424 635 1459 aliam
659 1424 727 1458 nisi
759 1426 918 1460 adverbii
954 1426 1028 1460 vim
1053 1427 1186 1462 habere
1202 1453 1213 1470 ‚
1248 1432 1288 1463 ut
1318 1428 1532 1463 ostendimus
1555 1429 1599 1464 ad

198 1490 275 1525 Cat.
301 1501 332 1523 c.
357 1487 438 1528 XX,
461 1486 520 1521 20.
543 1498 580 1531 p.
602 1486 650 1521 96
670 1497 723 1530 sq.
754 1487 835 1520 coll.
859 1488 1018 1532 Herzog.
1040 1488 1086 1521 ad
1117 1500 1147 1523 c.
1173 1489 1249 1531 XII,
1276 1488 1308 1523 5.
1333 1500 1367 1534 p.
1394 1489 1464 1531 61.;
1489 1500 1598 1534 quare

196 1551 310 1587 scelus
339 1548 462 1593 nequit
495 1551 619 1592 aptum
652 1558 730 1582 esse
761 1559 803 1581 ex
835 1547 992 1593 genitivo
1017 1549 1206 1591 familiae,
1238 1550 1283 1584 ad
1317 1561 1420 1594 quem
1445 1548 1599 1584 tantum-

196 1613 304 1648 modo
327 1610 538 1656 sanguinem
562 1609 734 1653 pertinet;
771 1608 852 1642 inde
875 1608 1100 1654 consequitur
1123 1615 1158 1644 et
1181 1610 1250 1644 duo
1273 1610 1342 1645 ista
1363 1610 1506 1645 nomina
1529 1622 1597 1646 non

195 1672 278 1718 pari
301 1674 479 1717 potestate
499 1670 666 1714 copulare
680 1695 690 1714 ‚
717 1670 778 1704 sed
800 1681 879 1703 cum
903 1670 941 1703 vi
964 1669 1092 1704 addere
1111 1671 1204 1714 quod
1227 1672 1272 1705 ad
1295 1672 1496 1717 augendum
1518 1683 1597 1706 sen-

196 1744 277 1771 tum
300 1734 490 1767 verborum
521 1744 588 1778 per
619 1733 730 1767 scelus
764 1731 955 1775 pertineat,
991 1742 1060 1774 qua
1091 1736 1264 1776 potestate
1293 1734 1419 1777 copula
1443 1733 1540 1767 valet
1561 1738 1596 1768 et

183 1795 360 1842 quiderm
393 1794 440 1828 cf.
464 1794 509 1828 ad
540 1805 571 1827 c.
604 1792 753 1834 XXXH,
777 1792 810 1826 2.
835 1795 870 1826 et
903 1803 937 1825 v.
963 1792 1044 1826 Car.
1069 1792 1185 1827 Beier.
1211 1793 1256 1827 ad
1281 1794 1356 1828 Cic.
1382 1795 1426 1827 de
1450 1794 1522 1830 off.
1547 1796 1595 1838 11,

196 1856 264 1899 16,
288 1855 345 1891 57.
380 1867 414 1900 p.
439 1854 521 1890 111.
545 1855 644 1891 Cort.
678 1854 724 1889 ad
746 1854 837 1897 Epp.
869 1853 914 1887 ad
949 1853 1088 1887 Famm.
1123 1853 1190 1897 XI,
1215 1854 1282 1897 29,
1306 1853 1341 1888 6.
1370 1856 1524 1901 Herzog.
1550 1857 1595 1891 ad

194 1917 346 1962 Quintil.
358 1917 417 1958 .X‚
441 1915 477 1958 1,
501 1916 535 1951 7.
562 1928 596 1960 p.
620 1914 677 1950 95.
702 1915 893 1960 Kiessling.
918 1915 962 1949 ad
988 1914 1077 1948 Tac.
1103 1914 1189 1950 Anu.
1214 1915 1241 1957 l,
1257 1913 1315 1956 55,
1341 1915 1373 1948 l.
1402 1917 1461 1960 JV,
1486 1917 1542 1958 51,
1559 1917 1594 1955 3.

128 1992 131 1994 ·
194 1978 344 2013 Daehne
366 1977 411 2011 ad
433 1977 524 2022 Nep.
545 1976 640 2010 Milt.
660 1977 720 2018 Ill,
745 1975 779 2009 4.
805 1976 919 2010 Hand.
945 1975 989 2009 de
1010 1975 1163 2009 Particc.
1188 1976 1281 2011 Latt.
1305 1976 1383 2010 Vol.
1402 1977 1447 2011 Π.
1461 1989 1494 2021 p.
1512 1978 1592 2012 47⁴1.

196 2042 230 2084 5.
257 2038 292 2074 6.
341 2038 470 2072 Sensus
495 2041 550 2072 est
581 2037 710 2083 igitur:
744 2036 854 2071 nolite
886 2036 960 2081 pati
991 2047 1142 2081 regnum
1166 2036 1352 2071 Numidiae
1375 2039 1534 2082 nefarie,
1558 2045 1595 2075 et

195 2100 336 2147 quidem
357 2111 423 2144 per
444 2100 675 2144 propinquum
699 2109 813 2132 meum
837 2098 1027 2132 tabescere.
1075 2097 1115 2131 Si
1139 2097 1217 2141 quis
1246 2109 1330 2132 vero
1352 2110 1418 2144 per
1447 2086 1595 2147 sangui-

195 2173 276 2196 nem
295 2162 463 2206 familiae
485 2166 627 2195 nostrae
646 2160 847 2205 intelligere
869 2158 971 2193 malit
991 2169 1056 2202 per
1083 2159 1224 2192 caedem
1248 2170 1381 2203 meam,
1406 2172 1475 2195 non
1501 2163 1594 2197 mul-

194 2225 272 2258 tum
305 2234 490 2268 repugno;
529 2226 625 2256 certe
656 2222 897 2255 membrorum
940 2219 1031 2254 ratio
1062 2219 1186 2252 eadem
1217 2224 1346 2255 manet.
1405 2223 1594 2259 Tabescere

192 2287 315 2320 autem
337 2283 476 2318 Cortius
499 2283 588 2318 bene
619 2282 793 2327 explicat,
826 2281 1000 2327 dignitate
1029 2291 1093 2314 sua
1115 2281 1248 2324 privari
1270 2283 1306 2316 ct
1329 2283 1513 2326 paullatim
1537 2284 1592 2319 in-

196 2345 322 2389 terire,
348 2345 428 2380 coll.
453 2343 528 2380 Cic.
554 2345 643 2388 Epp.
668 2344 713 2378 ad
736 2343 842 2378 Attio.
866 2344 939 2386 ΙΙΙ,
963 2341 1021 2378 25.
1047 2342 1189 2376 litterae
1212 2343 1300 2377 mihi
1321 2344 1434 2377 Roma
1458 2345 1592 2380 allatae

195 2411 297 2448 cunt,
332 2417 372 2440 cer
396 2407 520 2451 quibus
549 2405 724 2451 perspicio
747 2405 844 2439 nobis
867 2404 904 2438 in
931 2405 997 2438 hac
1021 2405 1226 2440 calamitate
1259 2404 1591 2442 tabescendum

196 2478 282 2504 esse.

289 2525 367 2562 XV.
415 2528 449 2569 §-
481 2527 515 2561 1.
567 2529 675 2571 finem
707 2527 894 2572 loquendi]
928 2525 1097 2559 Weissius
1133 2537 1174 2560 cx
1210 2525 1382 2569 corruptis
1414 2525 1491 2562 edd.
1521 2528 1592 2562 sui·

198 2588 341 2633 scripsit
374 2587 536 2633 loquendi
559 2589 692 2632 finem,
721 2588 836 2631 lepide
859 2587 1062 2631 vituperans
1085 2590 1237 2627 ceteros,
1275 2586 1335 2629 qui
1359 2587 1456 2621 codd.
1481 2589 1592 2624 secuti

197 2653 292 2684 sunt.
313 2668 360 2674 —
385 2650 493 2683 Suam
524 2652 603 2694 post
622 2649 810 2683 saevitiam
841 2659 948 2692 quum
973 2647 1114 2681 Curtius
1135 2647 1173 2680 h.
1198 2647 1222 2680 l.
1246 2645 1416 2681 intactum
1439 2647 1590 2692 relique—

201 2709 268 2752 rit,
303 2709 515 2745 Gerlachius
542 2709 629 2744 satis
659 2708 775 2743 ieiune
806 2710 968 2744 observat
1000 2712 1072 2743 tum
1106 2720 1147 2742 ex
1170 2708 1262 2751 hoc,
1298 2711 1374 2742 tum
1405 2719 1447 2742 ex
1470 2708 1593 2744 multis

202 2771 283 2808 aliis
305 2770 474 2816 exemplis
501 2769 648 2816 colligi,
679 2770 792 2805 multo
817 2770 959 2815 saepius
982 2780 1004 2804 a
1028 2769 1197 2805 Sallustio
1218 2780 1409 2815 pronomen
1432 2770 1591 2806 additum
