1702 2982
171 199 257 242 156
541 198 587 242 C.
617 197 942 242 SALLUSTI
971 197 1192 242 CRISPI

171 314 473 376 negotiatores
520 315 804 376 promiscue,
853 315 913 360 uti
960 316 1152 376 quisque
1191 315 1368 362 aruntis
1401 313 1589 374 obvius-

172 412 343 467 fuernt,
378 411 612 467 interfecit.

306 508 495 554 xxvn.
552 507 691 564 Quod
725 514 967 569 postquam
999 509 1178 555 Romae
1212 509 1450 570 cognitum*
1478 513 1560 565 est,

168 611 215 651 et
258 621 331 651 res
363 606 408 650 in
443 606 615 651 Senatu
666 606 827 666 agitari
875 612 1064 668 coepta,
1109 607 1233 651 idem
1278 606 1342 651 illi
1376 603 1561 650 ministri

167 704 288 766 regis
322 702 654 763 interpellando
690 718 744 748 ac
779 719 919 765 saepe
952 704 1121 766 gratia,
1156 704 1380 750 interdum
1406 700 1560 763 iurgiis

166 902 206 934 ut
229 898 389 944 videtur,
412 902 518 945 atque
541 898 661 935 heidd.
685 903 831 945 excepto
854 900 898 936 N.
921 904 1035 938 exstat
1057 906 1240 945 armatur,
1263 897 1558 945 quemadmodum

167 961 340 995 Gruterus
372 964 408 996 et
439 961 594 1006 bangius
625 960 849 1006 scripserunt.
902 963 949 998 Et
979 974 1065 998 eane
1094 963 1244 1008 probum
1285 960 1398 996 videri
1438 955 1559 1004 possit,

165 1034 275 1066 quum
298 1026 333 1056 et
355 1034 418 1067 per
439 1033 478 1056 se
500 1021 723 1067 intelligatur
747 1023 976 1069 Iugurthinos
998 1028 1154 1059 armatos
1177 1023 1308 1064 fuisse,
1329 1032 1442 1066 neque
1474 1031 1558 1065 pro-

163 1082 285 1118 babile
317 1082 364 1117 sit
394 1093 417 1117 a
446 1083 640 1118 victoribus
663 1083 699 1118 in
723 1084 813 1119 alios
834 1083 902 1119 nisi
922 1084 959 1119 in
983 1089 1137 1120 armatos
1157 1083 1332 1118 saevitum
1355 1093 1441 1117 esee.
1487 1081 1559 1116 Sed

163 1144 303 1186 obstat,
335 1144 428 1188 quod
461 1156 578 1179 omnes
605 1145 752 1190 puberes
783 1144 958 1180 Numidae
980 1149 1015 1180 et
1037 1144 1272 1190 negotiatore·
1294 1141 1457 1178 dicuntur
1475 1153 1559 1187 pro-

162 1206 309 1247 miscue,
333 1204 358 1239 i.
383 1215 413 1240 e.
437 1206 568 1240 nullius
591 1206 644 1240 rei
665 1206 804 1241 ratione
825 1206 967 1250 habita,
989 1205 1162 1241 interfecti
1184 1216 1271 1241 esse.
1301 1204 1423 1248 Neque
1444 1202 1561 1240 omni-

162 1278 210 1301 no
229 1266 339 1301 armis
362 1265 413 1300 uti
437 1270 642 1310 potuerunt,
667 1267 726 1312 qui
751 1268 925 1302 deditione
937 1270 1042 1312 facta
1064 1267 1100 1302 in
1123 1278 1250 1301 manns
1267 1265 1411 1301 victoris
1442 1263 1557 1299 venin-

161 1331 262 1368 aent3
286 1320 489 1370 ceteroquin
511 1326 590 1361 iure
613 1338 732 1362 caesos
755 1328 904 1363 diceres.
951 1330 1071 1373 Quare
1094 1328 1243 1362 armatis
1265 1331 1359 1362 recte
1381 1326 1501 1367 habet,
1522 1330 1558 1360 et

160 1388 431 1434 intelligendum
454 1388 498 1422 de
518 1388 737 1434 Iugurthinis
759 1388 881 1424 hostili
903 1389 1008 1424 modo
1032 1390 1155 1423 urbem
1175 1388 1400 1423 intrantibus.
1423 1383 1469 1422 οἱ.
1491 1398 1558 1422 no-

161 1453 238 1485 tata
258 1449 304 1484 ad
326 1461 358 1483 c.
381 1449 515 1492 XXIII,
541 1451 575 1484 l.
599 1449 830 1493 Gerlachius,
853 1449 890 1483 in
912 1450 990 1485 sola
1021 1450 1254 1485 inconstantia
1282 1449 1352 1483 sibi
1383 1453 1558 1492 constans,

160 1511 199 1546 iu
228 1511 282 1546 ed.
312 1510 395 1545 mai.
429 1509 579 1544 armati·
601 1510 714 1553 dedit,
736 1510 772 1545 in
796 1510 933 1545 minore
955 1516 1112 1546 amatus
1134 1509 1370 1554 amplectitur.
1395 1528 1439 1536 —
1464 1510 1556 1545 Fue-

160 1578 244 1615 rat,
276 1584 342 1618 pro
363 1583 433 1616 quo
457 1582 547 1605 unua
569 1571 679 1605 Fabr.
705 1572 739 1606 1.
763 1572 867 1616 lapsu
890 1571 1028 1607 scribae
1041 1571 1115 1615 fuit
1138 1570 1300 1615 exhibet,
1334 1571 1474 1607 Cortius
1496 1573 1557 1607 de-

159 1634 263 1671 levit.
309 1633 389 1667 Vim
412 1633 745 1678 plusquamperfecti
767 1633 1019 1678 explicavimus
1041 1633 1086 1668 ad
1111 1633 1188 1668 Cat.
1217 1633 1384 1667 XXXVII
1399 1658 1410 1674 ,
1439 1633 1474 1668 1.
1510 1651 1554 1659 --

160 1695 341 1738 Interfecit
373 1694 409 1728 in
440 1693 525 1730 Bas.
557 1694 591 1728 1.
624 1693 706 1727 Seu.
730 1694 764 1729 1.
789 1695 883 1729 Vrat.
907 1694 940 1729 1.
964 1694 1072 1729 Acad.
1093 1694 1224 1729 Franc.
1241 1697 1418 1729 mutatum
1441 1692 1478 1728 in
1500 1694 1555 1728 ἰπ-

160 1755 307 1800 teficst,
329 1754 465 1789 scilicet
496 1757 536 1789 ut
565 1757 776 1800 congrueret
807 1766 890 1789 cum
922 1766 1130 1800 praegresso
1161 1759 1284 1797 necat,
1313 1765 1403 1799 quae
1432 1765 1558 1803 caussa

162 1815 395 1852 Gerlachium
418 1826 558 1860 quoque
579 1815 715 1859 movit,
738 1818 778 1850 ut
800 1814 835 1849 in
859 1816 914 1850 ed.
938 1815 1022 1850 min.
1060 1826 1225 1860 praesens
1257 1815 1439 1860 reciperet.
1483 1815 1555 1851 Sed

159 1878 359 1924 perfectum
394 1880 430 1910 et
462 1888 628 1921 praesens
659 1876 871 1911 historicum
902 1887 1006 1920 saepe
1038 1876 1076 1911 in
1109 1876 1232 1911 eadem
1265 1876 1410 1920 periodo
1447 1876 1555 1912 simul

160 1937 287 1973 haberi
320 1936 393 1972 iam
424 1949 531 1982 supra
563 1937 763 1973 monuimus
794 1938 839 1973 ad
864 1949 895 1972 c.
929 1938 1016 1979 XII,
1049 1936 1086 1973 4.
1130 1937 1220 1980 Apte
1245 1937 1384 1972 Cortius
1406 1938 1555 1974 contulit

160 1999 242 2035 liv.
274 1999 346 2039 lv,
373 1997 423 2040 Ἰ,
453 1998 487 2032 1.
522 1998 772 2044 magistratum
804 2000 818 2033 ι’
827 2003 970 2034 neunt
1005 1999 1048 2033 A.
1080 1999 1324 2043 Sempronius,
1348 1997 1392 2034 Ia.
1414 1991 1554 2041 Araiai,

166 2061 208 2096 T.
242 2059 434 2101 Caecilius,
468 2071 612 2105 quorum
641 2060 681 2094 in
713 2060 931 2105 magistratu
967 2059 1151 2094 concordia
1185 2059 1279 2094 domi
1297 2070 1422 2105 pacem
1446 2061 1554 2096 ctiam

155 2122 251 2168 soris
269 2121 511 2166 praebuit.

256 2181 402 2218 xxvu.
457 2181 491 2226 §-
516 2180 548 2216 1.
604 2181 785 2227 cognitum
816 2181 890 2227 cst]
928 2180 1067 2217 Cor-tius
1101 2180 1145 2216 de
1175 2179 1277 2217 codd.
1306 2180 1380 2216 suia
1410 2193 1555 2227 proram

161 2244 267 2282 aileu·
289 2248 341 2279 ωε
362 2241 502 2285 omisit;
523 2242 584 2277 sed
608 2253 719 2287 quum
741 2253 861 2277 omnes
884 2242 1052 2285 Gru-uteri,
1082 2241 1233 2285 Wanii,
1266 2241 1450 2277 Gerlachii
1471 2254 1554 2278 cum

161 2304 306 2341 relicui·
339 2307 497 2347 teneant,
531 2314 602 2338 non
624 2303 772 2338 dubium
794 2307 865 2348 est,
898 2303 981 2349 quin
1003 2303 1040 2339 in
1063 2303 1236 2339 Cottianis
1259 2314 1398 2348 quoque
1419 2303 1554 2338 babea-

163 2371 233 2403 tur.
278 2366 377 2400 Unus
400 2366 480 2399 Vat.
504 2364 537 2400 5.
561 2376 631 2399 non
654 2365 838 2410 agnoscit,
861 2364 963 2400 cuiue
984 2364 1191 2400 auctoritate
1215 2363 1447 2407 Gen-lachim,
1469 2364 1554 2399 licet

162 2427 201 2463 in
231 2430 365 2462 textum
395 2426 587 2474 receperit,
622 2426 659 2460 in
697 2427 908 2461 Commentt·
941 2438 975 2471 p.
998 2426 1081 2463 254.
1099 2425 1285 2461 delendum
1307 2428 1434 2460 censet.
1481 2424 1551 2459 Sed

162 2488 220 2524 vir
249 2486 430 2522 mutabilis
460 2486 582 2522 iudicii
613 2485 683 2522 sibi
714 2487 752 2522 in
781 2488 835 2522 ed.
860 2487 1052 2523 novissima
1073 2499 1143 2522 non
1164 2484 1327 2522 constitit·
1350 2505 1397 2511 -
1421 2485 1552 2530 Coepta

163 2547 327 2596 plurimis
357 2547 568 2592 optimisque
601 2547 701 2582 libris
732 2549 915 2590 firmata-3
946 2547 1010 2583 alii
1041 2548 1153 2592 coepit
1175 2547 1307 2582 habent
1332 2543 1383 2582 ex*
1397 2546 1552 2591 interpo-

163 2610 295 2646 latione
315 2609 533 2647 scribarum.
557 2609 618 2653 qui
639 2609 782 2653 passiva
804 2610 920 2643 forma
941 2608 1166 2644 offenderent.
1214 2607 1284 2642 Sed
1307 2619 1350 2642 ea
1374 2607 1460 2642 satis
1480 2607 1552 2642 fre-

164 2683 275 2716 quens
295 2675 372 2713 est,
395 2669 458 2705 ubi
480 2669 673 2705 infinitivus
693 2669 827 2714 passivi
847 2669 892 2703 ab
918 2668 1067 2713 coepisse
1083 2668 1193 2702 verbo
1209 2668 1346 2712 pendet.
1362 2679 1396 2704 ν.
1414 2669 1553 2713 Zumpt.

169 2732 330 2767 Gmmm.
354 2732 431 2767 lat.
462 2733 496 2775 5.
523 2730 582 2766 59.
606 2742 640 2774 p.
663 2730 745 2765 201.
769 2730 824 2764 ed.
847 2730 905 2764 lv.
930 2729 1003 2764 Cic.
1028 2730 1128 2764 Brut.
1151 2740 1183 2764 c.
1206 2728 1254 2770 7,
1282 2729 1342 2764 26.
1367 2729 1409 2762 de
1432 2729 1493 2763 Or.
1523 2730 1551 2770 1,

169 2792 237 2836 8¹1,
262 2793 343 2829 168.
369 2794 452 2828 Ger.
474 2793 525 2828 Io.
550 2792 647 2828 Voss.
669 2792 713 2826 de
735 2791 886 2837 Analog.
911 2791 972 2834 111,
994 2789 1052 2827 39.
1078 2802 1112 2836 p.
1136 2789 1215 2825 1⁵8.
1236 2789 1291 2825 ed.
1316 2790 1360 2825 u.
1385 2790 1551 2825 Vechncr.
