1696 3008
176 148 260 227 184
548 184 593 227 c.
623 183 952 227 SALLUSTI
980 184 1205 233 cmsm

179 300 239 345 ad
271 300 494 361 ignaviam
530 306 725 344 vostram
759 303 1045 359 transtulere,
1082 300 1195 361 quos
1232 304 1374 348 omnis
1406 303 1565 348 eadem

117 405 168 447 15
181 398 352 455 odisse,
399 397 559 442 eadem
605 403 806 461 metuere
840 398 886 442 iu
921 412 1056 443 uuum
1092 400 1255 460 coegit.
1324 400 1418 445 Sed
1453 400 1568 444 haec

122 496 294 541 winter
326 495 470 539 bonos
507 495 712 554 amicitia,
747 495 861 539 inter
896 497 1036 541 malos
1072 497 1208 541 factio
1244 503 1324 542 est.
1397 497 1571 552 Quodsi

142 580 149 587 ⁸
180 599 273 637 tam
309 608 388 637 vos
424 592 636 636 libertatis
673 607 823 636 curam
855 592 1095 648 haberetis,
1133 609 1276 653 quam·
1301 594 1363 638 illi
1390 593 1451 638 ad
1479 593 1570 638 vdo—

182 737 251 761 non
284 737 469 770 possumus
503 725 664 760 assentiri
694 726 775 760 Car.
798 724 947 768 Beiero,
981 727 1042 770 qui
1065 728 1109 762 ad
1132 728 1206 764 Cic.
1229 729 1273 762 de
1289 727 1362 764 Off.
1389 729 1425 771 l,
1450 727 1493 769 7,
1514 727 1573 763 23.

183 791 218 821 et
242 788 286 821 ad
312 786 349 828 Ι,
374 787 443 828 27,
468 786 524 820 94.
556 792 629 820 tam
651 807 696 811 —
721 797 826 831 qaam
863 786 1055 830 particulas
1092 799 1161 822 non
1195 791 1354 833 spectare
1385 792 1500 822 censet
1529 788 1576 836 ad

183 849 330 882 eandem
359 847 538 890 utriusque
562 847 713 881 membri
736 859 957 891 mensuram,
997 848 1057 882 sed
1080 849 1125 882 ad
1148 849 1412 883 similitudinem
1436 849 1473 883 in
1496 849 1574 883 uni-

184 920 339 942 versum.
355 927 399 932 ——-
423 907 540 942 Verba
558 914 687 943 metum
709 921 731 942 a
751 910 877 942 scelere
898 920 958 942 suo
978 909 1025 942 ad
1043 909 1226 954 ignaviam
1246 915 1398 944 vostram
1419 915 1574 945 transta-

185 971 256 1004 lere
273 970 367 1003 mule
380 969 528 1010 Cortius,
547 970 738 1003 Muellerus
757 974 790 1002 et
807 969 1016 1004 Gerlacbius
1032 975 1234 1013 comparant
1248 982 1328 1004 eum
1343 971 1423 1005 loco
1447 982 1476 1006 c.
1493 971 1522 1012 1,
1539 970 1573 1004 -Ι,

184 1031 245 1074 qui
270 1042 412 1075 prorsus
434 1029 570 1064 alienus
593 1034 655 1065 est.
701 1030 892 1074 Per-peram
923 1030 1030 1064 etiam
1049 1031 1241 1065 Muellerus
1271 1031 1444 1076 explicat:
1477 1043 1577 1075 „sce-
1639 1030 1642 1032 ’

186 1093 301 1126 lerum
323 1096 507 1132 auctores,
543 1092 627 1136 quia
651 1102 708 1124 vos
727 1092 875 1136 ignavos
892 1091 1032 1133 vident,
1065 1092 1157 1126 nihil
1180 1091 1357 1133 timent;“
1391 1103 1499 1135 quum
1522 1096 1577 1126 ta-

186 1165 266 1187 men
298 1153 371 1186 iam
408 1151 563 1196 Longius
597 1163 737 1185 sensum
772 1156 867 1185 recte
899 1152 1150 1195 perspexisset,
1195 1153 1265 1186 hac
1296 1152 1579 1196 interpretatione

186 1214 344 1258 prodita:
380 1213 491 1257 „r'psi‚
525 1223 611 1255 quos
634 1213 780 1245 decebat
803 1213 928 1246 timere
952 1213 997 1246 ob
1022 1215 1156 1253 scelera
1178 1226 1263 1255 sua,
1296 1212 1458 1247 timorem
1481 1214 1578 1248 abie-

185 1280 326 1318 cerunt,
356 1278 391 1308 et
418 1274 611 1308 iniecerunt
631 1273 745 1314 vobis,
769 1273 829 1316 qui
853 1273 1008 1316 ipsorum
1033 1275 1164 1308 scelera
1187 1286 1255 1308 non
1278 1273 1516 1309 vindicastisfl
1531 1294 1575 1299 —

162 1318 169 1332 Ι
187 1337 276 1377 Est,
313 1336 404 1379 quod
430 1344 549 1369 omnes
573 1334 672 1366 codd.
699 1339 779 1376 post
794 1335 912 1376 factio
936 1334 1087 1377 liabent,
1123 1334 1156 1367 in
1181 1335 1286 1368 Febr.
1311 1335 1346 1371 2.
1379 1335 1436 1370 cui
1459 1339 1580 1380 postea

189 1398 267 1430 Vnt.
291 1396 325 1430 4.
350 1401 384 1430 et
406 1395 441 1431 5.
465 1405 658 1437 accessere,
684 1398 761 1437 post
783 1395 942 1428 amicicia
965 1395 1110 1439 legitur,
1135 1406 1285 1439 eumque
1308 1398 1497 1431 verborum
1520 1410 1578 1432 or-

124 1489 134 1501 -.
188 1457 305 1491 dinem
330 1467 455 1500 purum
478 1455 794 1488 commendabilem
818 1456 959 1490 Cottius
983 1457 1018 1490 in
1042 1460 1174 1491 textum
1197 1457 1326 1492 intulit.

283 1516 315 1557 ἓ.
350 1514 407 1549 16.
422 1515 531 1549 «2117.
579 1521 654 1550 tam
679 1516 756 1560 vos]
796 1517 861 1550 Vos
886 1528 955 1550 non
979 1517 1108 1563 legitur
1132 1518 1167 1550 in
1191 1519 1310 1552 Guelf.
1335 1518 1370 1552 1.
1393 1519 1429 1552 4.
1459 1518 1579 1553 Struv.

189 1580 225 1611 et
257 1577 359 1610 Rem.
386 1576 419 1610 l.
453 1587 602 1620 quorum
634 1577 841 1610 auctoritate
869 1577 1007 1612 Cortius
1037 1578 1180 1621 expulit.
1239 1578 1309 1612 Sed
1340 1580 1580 1623 oppositorum

189 1637 280 1671 ratio
305 1636 340 1669 id
363 1636 526 1681 flagitat3
561 1634 645 1681 qu'id
675 1637 770 1680 quod
804 1637 1030 1682 interpolatio
1063 1651 1123 1673 vos
1148 1644 1306 1682 tantam,
1340 1639 1378 1674 in
1401 1641 1522 1675 Guelf.
1547 1641 1581 1676 7.

189 1700 298 1733 Fabr.
323 1700 356 1732 1.
381 1699 421 1732 2..
449 1698 530 1732 Seu.
550 1698 590 1739 ,2.Δ
624 1699 750 1732 Heuss.
783 1702 818 1732 et
842 1699 934 1744 Teg.
970 1700 1124 1735 admissa
1157 1701 1307 1736 ostendit
1337 1712 1527 1745 pronomen
1558 1712 1582 1736 a

189 1759 361 1794 Sallustio
382 1759 535 1802 positum
558 1759 682 1801 fuisse,
707 1758 830 1792 scribis
853 1761 1030 1803 particula
1053 1762 1168 1806 potius
1192 1761 1346 1796 offensis.
1370 1779 1415 1786 --
1439 1762 1581 1805 Benefi-

191 1821 248 1854 ct‘a
262 1822 381 1865 populi
397 1820 616 1863 consulatus,
640 1819 846 1862 sacerdotia,
871 1825 1037 1864 praetura
1061 1823 1193 1865 aliique
1215 1823 1364 1856 honores
1386 1821 1421 1856 in
1445 1822 1581 1866 republ.

191 1884 393 1927 frequenter
415 1887 608 1934 vocantur,
633 1879 720 1924 quia
743 1881 924 1925 suffragiis
949 1882 1066 1925 populi
1091 1883 1247 1916 mandati
1270 1886 1389 1923 erant3
1413 1882 1458 1917 cr.
1482 1883 1527 1916 ad
1550 1894 1580 1915 c.

192 1945 376 1986 LXXXV,
399 1944 434 1978 3.
462 1944 577 1978 Corvr.
600 1959 646 1967 —
678 1942 849 1976 Maiestas
879 1943 1001 1986 populi
1026 1944 1107 1987 quid
1132 1943 1178 1977 sit
1202 1943 1461 1986 Quinctiliauus
1483 1943 1584 1977 docet

194 2005 274 2046 vll,
298 2006 342 2045 3,
366 2003 424 2038 35.
449 2016 532 2038 usus
556 2003 733 2037 Ciceronis
757 2003 892 2044 verbis,
918 2004 979 2047 qui
1003 2003 1134 2037 alicubi
1158 2003 1264 2041 dixin
1289 1998 1508 2038 maiestas
1531 2009 1583 2038 est

195 2066 233 2099 in
251 2067 393 2109 imperio
413 2071 517 2110 atque
533 2066 570 2098 in
590 2064 684 2097 omni
697 2066 817 2108 populi
830 2065 982 2101 Romani
1000 2065 1188 2110 dignitate.
1218 2065 1271 2098 lbi
1288 2065 1463 2099 Gesnerus
1487 2075 1584 2099 eom—

196 2126 335 2171 paravit
360 2127 431 2160 cic.
457 2127 499 2160 de
522 2127 596 2160 lnv.
619 2127 675 2165 11,
699 2125 764 2166 17,
790 2125 847 2158 53.
889 2125 1188 2160 Maiestatem
1211 2127 1367 2160 minuere
1386 2127 1502 2162 est-de
1528 2127 1583 2160 di-

194 2188 356 2233 gnitate,
390 2193 453 2221 aut
479 2187 730 2231 amplitudine,
765 2190 829 2220 aut
853 2191 1023 2230 potestate
1049 2188 1170 2231 populi
1197 2191 1262 2221 aut
1289 2199 1427 2229 eorum,
1463 2188 1584 2232 quibus

194 2249 341 2293 populns
357 2253 564 2292 potestatem
582 2249 688 2290 dedit,
712 2247 846 2290 aliquid
867 2248 1052 2291 derogare.
1072 2266 1119 2273 —
1139 2249 1408 2283 constituendae
1430 2249 1454 2283 i.
1468 2242 1503 2284 e:
1524 2249 1584 2282 tir—

196 2309 301 2342 miter
324 2309 513 2352 pamndae,
538 2309 817 2350 confirmandae,
842 2308 1084 2343 stabiliendae.
1108 2310 1153 2343 cf.
1177 2309 1299 2344 Bremi
1321 2310 1367 2344 ad
1390 2309 1475 2353 Nep.
1499 2309 1582 2343 Con.

197 2370 302 2409 ccv,
326 2370 359 2402 2.
389 2371 502 2412 Quum
530 2362 699 2415 magnam
721 2370 964 2403 auctoritatem
985 2370 1049 2403 sibi
1071 2382 1196 2415 pugna
1222 2371 1286 2404 illa
1310 2370 1584 2413 eonstituis-

196 2435 275 2464 εει.
300 2430 346 2463 id.
367 2431 498 2464 Chabr.
516 2431 560 2470 11,
578 2431 611 2464 1.
638 2431 799 2475 Regnum
818 2431 850 2464 ei
866 2432 1120 2466 constituit.
1147 2431 1219 2466 Cic.
1235 2444 1267 2475 p.
1285 2431 1386 2466 enoc.
1405 2442 1436 2466 c.
1454 2430 1581 2473 ustio.

206 2491 328 2524 Videte
347 2491 439 2535 quod
458 2491 510 2524 ius
526 2491 642 2534 nobis,
668 2503 773 2535 quam
794 2492 1024 2525 condicionem
1042 2493 1206 2526 vobismet
1225 2492 1327 2537 ipsis,
1350 2502 1455 2535 quam
1484 2491 1583 2525 deui-

168 2552 169 2556 ’
196 2564 264 2597 que
286 2552 422 2599 civitati
438 2553 552 2596 legem
575 2553 859 2586 constituere
881 2553 1004 2587 velitis.
1031 2551 1150 2585 lustin.
1168 2551 1267 2593 xm,
1291 2550 1327 2593 5,
1349 2550 1385 2586 5.
1420 2552 1584 2594 Quaesito

199 2614 303 2646 simul
325 2613 666 2656 constitutoque
688 2625 810 2658 regno.
827 2633 872 2639 —-
896 2614 949 2646 De
971 2599 1212 2647 messionibus
1235 2611 1346 2657 plebis
1369 2623 1402 2646 v,
1418 2613 1462 2646 ad
1480 2613 1585 2649 Catil.

178 2674 370 2716 ¹xxxin,
392 2674 427 2709 3.
473 2673 683 2706 Aventinum
707 2684 766 2706 eos
791 2674 842 2707 bis
864 2683 1051 2716 occupasse
1075 2677 1208 2706 veteres
1231 2684 1299 2706 non
1324 2684 1492 2707 consensu
1511 2677 1585 2708 tru-

196 2735 302 2776 dunt,
328 2734 499 2778 plerisque
521 2732 674 2776 primum
699 2732 846 2766 Sacrum
870 2738 1022 2771 montem
1048 2738 1256 2777 occupatum
1282 2733 1390 2768 fuisse
1411 2735 1584 2772 narranti-

198 2793 273 2828 bus.
324 2794 392 2828 Sed
426 2793 613 2829 Sallustius
650 2793 687 2828 1..
722 2793 883 2827 Pisonem
917 2793 1029 2838 Frugi
1063 2798 1239 2828 auctorem
1271 2800 1412 2831 secutus
1443 2800 1515 2840 est,
1546 2803 1585 2830 ut
