1716 2996
225 110 287 154 84
835 106 1012 150 mul-:x

234 223 282 258 Ue
307 219 479 257 omissum
499 221 580 265 post
601 219 714 255 verba
732 219 987 265 praecipiendi,
1010 219 1050 255 c.
1072 219 1134 262 29,
1155 218 1193 256 2.
1236 218 1296 261 32,
1318 218 1356 256 z.
1401 219 1432 254 ι.
1452 210 1514 264 ω,
1533 219 1571 256 1.

235 292 282 326 Ut
304 289 368 325 nbi
392 292 544 335 ponatur
568 298 779 334 praegresso
802 289 1025 325 substantivo
1046 287 1254 332 voluntatis,
1275 287 1305 324 1.
1328 286 1387 332 85,
1408 285 1444 323 7.
1490 290 1498 300 ·

237 349 285 384 Ut
307 347 334 383 i.
357 358 391 392 q.
418 347 530 393 quasi,
554 347 594 381 C.
617 346 676 390 31,
699 346 736 382 5.

236 407 284 442 Ut
305 406 338 441 εἰ
362 406 386 441 i.
411 417 447 450 q.
473 416 516 439 ac
539 405 582 447 si,
606 404 646 441 0.
669 403 729 449 31,
751 402 789 442 5.

237 464 284 499 Ut
306 483 354 490 --
377 464 439 505 sic,
462 462 494 496 1.
519 462 555 505 2,
578 461 614 498 3.

237 522 285 557 Ut
307 540 355 547 —
377 521 445 564 ita,
466 520 496 554 1.
523 519 584 564 31,
610 519 668 555 14.

239 580 286 616 Ut
309 589 390 613 cum
418 589 490 612 esse
513 581 548 612 et
574 579 714 613 nomine
737 575 963 614 coniunctum
995 587 1157 613 causeam
1181 576 1344 624 designat
1364 576 1474 614 alieni
1496 578 1549 614 rei
1569 588 1633 624 pe-

328 635 513 679 culiarem,
536 635 577 672 C.
601 635 660 679 31,
682 635 719 672 7.

240 707 287 744 Ut
310 711 374 750 est,
398 690 565 750 formula,
590 716 660 750 qua
682 705 736 741 rei
758 705 891 741 veritas
914 705 1094 748 asseritur,
1115 704 1145 740 1.
1167 702 1250 748 105,
1273 703 1310 741 5.

241 767 288 802 vt
312 765 337 801 i.
362 776 396 810 q.
421 775 485 809 pro
507 775 629 798 rerum
653 763 867 807 condicione,
891 763 930 798 C.
953 761 1013 806 59,
1037 762 1075 798 2.

242 835 289 872 Ut
312 833 349 869 in
371 833 578 877 interposita
601 833 844 870 euunciatione
865 831 1123 876 comparationi
1151 831 1342 867 inserviens
1374 831 1432 868 vo!
1458 843 1501 870 ex
1523 843 1638 878 nequo

333 891 433 937 ponit
457 895 645 936 utramque
668 903 758 934 rem,
782 891 841 925 vel
862 889 1044 935 restringit
1062 891 1227 933 alteram,
1249 891 1277 928 1.
1299 889 1381 935 107,
1403 887 1440 928 5.

244 963 291 1004 Ut
314 962 521 1006 absorptum
542 960 669 996 litteris
691 965 780 998 —nt
799 963 864 997 aut
888 971 977 995 voce
998 961 1066 1005 vel,
1089 959 1118 995 1.
1141 959 1200 1004 79,
1222 959 1262 997 8.

245 1021 306 1056 Uti
328 1020 524 1061 honoribus,
548 1019 578 1054 1.
602 1017 660 1065 25,
683 1019 719 1057 4.

246 1079 377 1124 Ubique
400 1077 424 1112 i.
450 1088 484 1121 q.
507 1088 661 1121 prorsus,
689 1078 718 1112 1.
740 1076 778 1121 3,
800 1074 837 1110 2.

247 1137 391 1182 Utrique
414 1135 458 1169 de
481 1134 631 1178 duobus,
655 1135 696 1171 C.
719 1133 779 1177 30,
801 1132 839 1168 4.

247 1193 398 1237 Uterque
420 1203 501 1225 cum
524 1191 655 1236 plurali
676 1191 911 1235 coniunctum,
935 1190 976 1226 C.
999 1188 1059 1234 49,
1082 1188 1118 1225 Ῑ.

249 1263 342 1299 Uxor
364 1260 391 1298 i.
415 1272 451 1307 q.
474 1259 764 1306 matrimonium,
787 1271 846 1295 ros
867 1260 1006 1303 uxoria,
1028 1260 1058 1296 1.
1080 1256 1138 1302 95,
1161 1257 1196 1295 3.

935 1462 1000 1514 V.

255 1602 289 1638 V
304 1601 426 1637 littera
446 1599 586 1637 transiit
606 1599 646 1636 in
667 1612 715 1646 m,
739 1599 768 1638 1.
791 1598 851 1644 40,
875 1599 913 1637 1.
1052 1652 1057 1656 Δ

257 1671 394 1706 Vacuus
416 1669 594 1715 quomodo
617 1668 760 1704 differat
783 1669 830 1704 ab
853 1669 970 1704 inanis
992 1670 1028 1704 et
1052 1678 1177 1713 vanus,
1200 1666 1228 1703 1.
1252 1665 1312 1710 (il,
1333 1664 1370 1702 4.

257 1741 394 1776 Vacuus
415 1739 440 1777 i.
464 1752 498 1784 q.
525 1752 563 1775 se
589 1739 763 1782 relaxans,
785 1739 814 1773 1.
837 1738 897 1783 52,
919 1738 955 1776 6.

257 1799 396 1834 Vadam·
422 1798 507 1843 quid
527 1797 574 1833 sit
597 1797 740 1843 explic„
763 1798 792 1832 1.
815 1797 875 1839 35,
898 1797 934 1832 9.

258 1857 365 1904 Vaga
388 1856 487 1891 urbis
514 1867 653 1898 nomen,
679 1867 749 1890 non
779 1857 907 1898 Vacca,
929 1855 958 1889 Ι.
982 1854 1042 1896 29,
1065 1853 1101 1888 3.
1148 1852 1208 1897 47,
1230 1853 1263 1888 l.
1308 1851 1368 1896 6⁶,
1389 1852 1426 1887 2.

259 1925 399 1972 Vugarz‘
421 1924 506 1970 quid
529 1924 672 1961 differat
695 1936 718 1961 a
738 1925 869 1972 palari,
894 1924 923 1958 1.
949 1922 1008 1965 4⁸,
1031 1921 1067 1958 5.

260 1984 389 2019 Valens
413 1983 580 2028 oppidum
605 1984 630 2018 i.
656 1995 691 2028 q.
720 1984 845 2028 opibus
868 1986 1000 2030 potens,
1025 1982 1052 2017 1.
1076 1980 1135 2026 89,
1160 1980 1196 2016 4.

261 2042 392 2076 Valida
413 2041 560 2087 ingenia
583 2041 607 2079 i.
632 2054 666 2087 q.
691 2041 879 2085 intrepida,
900 2041 928 2075 1.
953 2039 1034 2081 103,
1057 2040 1097 2074 2.

262 2100 400 2134 Vallum
423 2099 468 2133 ab
493 2099 733 2134 obsidentibus
758 2100 907 2140 factum,
932 2099 959 2132 1.
984 2097 1043 2140 23,
1068 2097 1105 2131 1.

263 2158 382 2192 Vanus
404 2157 489 2202 quid
511 2156 654 2192 differat
679 2157 725 2191 ab
748 2157 864 2190 inanis
888 2159 924 2190 et
945 2166 1087 2199 vacuus,
1110 2153 1138 2188 1.
1162 2151 1222 2198 64,
1245 2150 1280 2186 5.
1326 2150 1408 2195 103,
1431 2151 1466 2188 5.

264 2228 502 2274 Vargunteius
528 2226 620 2271 (lh),
645 2226 685 2260 C.
710 2224 767 2266 17,
791 2225 826 2259 2.

265 2285 417 2320 Van-iata
440 2289 621 2319 structura
644 2282 837 2327 bipartitae
864 2280 1075 2324 sententiae,
1097 2282 1126 2317 1.
1149 2280 1188 2325 5,
1208 2280 1244 2316 4.
1288 2279 1326 2322 7,
1349 2279 1384 2318 1.
1429 2278 1490 2323 47,
1512 2278 1548 2315 2.
1591 2277 1652 2319 70,
1696 2311 1702 2314 ,

350 2342 385 2377 2.
432 2341 492 2386 78,
515 2341 549 2376 2.
595 2340 656 2383 79,
675 2339 711 2378 3.

1212 2065 1242 2076 Δ

267 2412 411 2447 Varium
432 2410 458 2446 i.
483 2423 518 2456 q.
541 2409 610 2444 sibi
633 2420 704 2443 non
726 2411 901 2451 constans,
922 2408 951 2442 1.
978 2406 1037 2450 74,
1061 2407 1098 2442 l.

268 2469 412 2503 Varium
435 2469 559 2503 bellum
585 2467 688 2512 quale
711 2467 769 2509 sit,
790 2466 820 2500 I.
844 2465 904 2508 43,
926 2465 960 2500 3.

269 2527 408 2569 Varius,
431 2537 543 2561 vanus
568 2529 604 2560 et
625 2536 752 2571 vagus,
780 2525 939 2566 confusa,
962 2523 992 2560 1.
1013 2522 1075 2566 u,
1097 2523 1133 2560 1.

270 2584 398 2619 Vastus
419 2584 465 2618 ab
488 2583 609 2628 aliqua
630 2593 681 2625 re,
705 2583 732 2616 1.
757 2581 818 2625 48,
840 2581 876 2616 3.

271 2641 388 2690 Vegeo
411 2640 589 2676 diversum
613 2650 637 2676 a
658 2640 775 2686 vigeo,
799 2640 841 2675 C.
865 2639 900 2682 1,
923 2637 958 2675 7.
