1702 2982
170 196 256 238 128
549 193 594 236 C.
624 193 941 237 SALLUSTI
975 194 1206 242 CRISPI*

138 321 315 369 3quam
361 310 639 355 metuendus.
722 312 865 372 Igitur
919 308 981 356 ex'
1002 312 1270 372 „improviso
1319 313 1417 359 finis
1474 315 1568 359 eius

173 423 277 452 cum
313 422 481 467 magna
516 424 651 452 manu
687 409 877 467 invadit,
908 411 1072 454 multos
1108 409 1307 455 mortalis
1343 425 1447 455 cum
1479 426 1568 472 pe-
1611 448 1615 458 .

173 521 279 551 core
314 511 450 563 atque
486 505 572 549 alia
605 506 780 565 praeda
815 507 951 567 capit,
986 506 1192 551 aedificia
1219 506 1429 565 incendit,
1464 508 1577 568 ple->

138 609 319 662 4raqne
366 603 467 646 loca
513 602 735 647 hostiliter
782 619 885 648 cum
926 604 1127 663 equitatu
1170 603 1368 662 accedit,
1403 604 1569 649 deinde

172 716 276 745 cum
322 700 443 744 omni
485 699 766 744 multitudine
819 701 864 744 in
914 716 1110 761 regnum
1163 716 1293 746 suum
1336 702 1569 759 convortit,

170 799 440 842 existumans
495 796 654 841 dolore
714 804 974 857 permotum
1028 798 1338 843 Adherbalem
1391 798 1569 843 iniurias

171 911 271 940 suas
303 909 437 940 manu
473 894 824 952 vindicaturum,
870 910 1061 954 eamque
1091 911 1187 940 rem
1223 896 1331 940 belli
1367 911 1568 941 caussam

169 1087 247 1134 quis
279 1097 431 1132 unquam
463 1086 573 1120 civem
603 1086 790 1121 militemve
823 1092 1134 1131 opportunum
1169 1086 1378 1121 iniuriae
1417 1086 1568 1122 duceret.

169 1149 269 1183 Flor.
303 1148 375 1191 lv,
408 1147 455 1189 4,
490 1147 524 1182 2.
549 1152 731 1189 tenerum,
756 1148 937 1182 obnoxium
961 1153 995 1182 et
1019 1155 1328 1194 opportunum
1351 1147 1568 1183 iniuriae

170 1211 342 1245 iuvenem.
365 1209 411 1242 cf.
437 1209 614 1242 Drakenb.
638 1209 683 1242 ad
705 1209 782 1242 Liv.
808 1210 930 1252 XXV,
954 1210 1022 1252 30,
1045 1209 1079 1244 3.

192 1286 195 1290 ·
263 1271 298 1315 §.
320 1268 442 1304 3-5,
489 1269 642 1312 invadit]
667 1269 806 1304 Cortins
829 1270 920 1304 nihil
944 1271 1077 1305 monito
1109 1272 1241 1305 lectore
1270 1269 1382 1304 edidit
1412 1270 1568 1311 invasit,-

170 1332 232 1366 sed
254 1342 364 1376 quum
388 1340 508 1364 omnes
533 1328 686 1362 aliorum
707 1331 844 1365 codices
867 1342 1029 1375 praesens
1052 1332 1228 1373 habeant,
1252 1331 1313 1365 vix
1336 1331 1482 1366 dubium
1505 1334 1570 1372 est,

168 1392 255 1437 quin
279 1391 510 1435 praeteritum
534 1391 695 1425 codicum
718 1391 926 1426 auctoritate
948 1402 1092 1435 prorsus
1123 1391 1356 1434 destituatur,
1389 1398 1426 1427 et
1449 1403 1491 1427 eo
1514 1392 1569 1427 in-

168 1453 244 1488 vito
266 1453 303 1487 in
326 1456 459 1487 textum
481 1452 672 1496 irrepserit.
694 1472 739 1477 —
765 1453 900 1487 Deinde
925 1451 1064 1486 eortius
1095 1463 1160 1496 pro
1190 1462 1290 1486 more
1319 1465 1384 1487 suo
1418 1453 1570 1488 mutavit

169 1514 205 1548 in
238 1514 338 1556 dein,
374 1525 591 1558 quamquam
623 1525 713 1547 unus
737 1516 874 1548 tantum
896 1513 979 1548 Seu.
1003 1512 1037 1546 1.
1060 1512 1112 1546 ita
1135 1513 1264 1555 habet,
1293 1513 1350 1548 cui
1375 1513 1569 1557 scripturae

168 1576 262 1610 nihil
293 1574 461 1620 praesidii
491 1586 534 1609 eo
566 1578 638 1616 est,
672 1575 766 1618 quod
799 1575 918 1611 Guelf.
942 1574 977 1608 7.
1003 1574 1125 1608 dehinc
1148 1573 1308 1610 ostendit.
1355 1572 1570 1608 Nihilominus

170 1635 384 1671 Gerlachius
414 1636 450 1669 in
481 1636 568 1670 mai.
597 1635 651 1670 ed.
676 1636 837 1671 Cortium
874 1639 1011 1671 secutus
1043 1638 1109 1671 est.
1133 1653 1179 1659 -·
1202 1635 1274 1669 Pro
1297 1634 1466 1668 convertit
1488 1644 1569 1678 per-

167 1697 274 1743 pauci
310 1697 409 1734 codd.
443 1698 578 1731 habent
610 1708 656 1731 se
689 1699 878 1739 conuertit,
914 1696 977 1731 alii
1010 1697 1269 1738 convertitur,
1307 1699 1496 1738 utrumque
1525 1706 1568 1729 ex

167 1758 447 1803 interpolatione.
471 1759 514 1792 V.
537 1758 584 1792 ad
607 1752 682 1792 cat.
707 1759 774 1800 VI,
806 1759 842 1793 7.
872 1778 919 1783 —
950 1759 1075 1792 Dolore
1105 1762 1299 1802 permotum
1331 1757 1568 1790 Adherbalem

169 1831 290 1854 omnes
312 1820 521 1854 confirmant
543 1819 656 1854 Cortii
679 1819 779 1853 codd.
795 1845 805 1861 ‚
830 1818 983 1863 quinque
1005 1818 1180 1863 exceptis3
1206 1818 1355 1851 eundem
1378 1817 1569 1851 verborum

169 1881 328 1916 ordinem
364 1882 495 1916 habent
526 1881 627 1915 codd.
661 1880 781 1923 Rivii,
814 1885 850 1915 et
879 1879 909 1914 si
942 1891 984 1914 ex
1017 1879 1155 1913 silentio
1188 1877 1363 1912 editorum
1385 1882 1436 1912 est
1458 1889 1568 1923 argn-

169 1943 417 1985 mentandum,
443 1943 550 1977 etiam
575 1942 741 1984 Gruter-i,
764 1940 897 1975 Wassii
919 1943 955 1974 et
977 1940 1051 1974 Erl.
1076 1951 1156 1973 cum
1173 1939 1364 1984 Tcgerns.;
1388 1943 1570 1983 praeterea

168 2004 265 2038 Med.
287 2002 323 2037 4.
348 2003 383 2039 6.
406 2001 440 2037 9.
463 2003 652 2038 Einsiedel.
679 2004 769 2038 Tur.
793 2002 828 2036 1.
851 2001 992 2036 Relicui
1014 2001 1147 2035 habent
1174 2001 1325 2036 Adherb.
1349 2001 1467 2035 dolore
1486 2012 1570 2045 per-

167 2070 319 2107 motum,
358 2076 462 2108 quem
494 2064 652 2098 ordinem
685 2064 848 2108 Cottius,
885 2067 1074 2106 praeeunte
1106 2061 1237 2104 Rivio,
1277 2064 1373 2095 recte
1402 2060 1568 2096 deseruit.

167 2127 260 2162 Nam
283 2126 395 2160 multo
419 2126 565 2171 gravius
585 2129 638 2160 est
660 2128 696 2160 et
718 2125 771 2159 rei
796 2123 1078 2166 convenientius,
1103 2134 1285 2166 caussam,
1308 2133 1378 2166 qna
1394 2122 1570 2168 Iugurtha

167 2188 406 2222 Adherbalem
439 2188 485 2221 nd
515 2187 694 2232 agendum
731 2186 922 2230 impulsum
954 2185 1000 2219 iri
1033 2185 1211 2226 crederet,
1240 2183 1437 2229 praemitti,
1461 2193 1569 2228 quam

167 2248 396 2293 appositionis
425 2248 537 2282 instar
567 2247 775 2281 secundario
804 2247 885 2281 loco
918 2245 1201 2282 commemorari.
1226 2245 1428 2279 cli-notata
1458 2245 1504 2279 ad
1535 2256 1566 2279 c.

168 2311 252 2352 vu,
288 2310 321 2343 1.
347 2329 392 2335 —-
417 2309 571 2343 Iniurias
604 2320 716 2342 suas
738 2308 761 2343 i.
787 2319 819 2343 e.
851 2306 922 2342 sibi
955 2306 1096 2349 illatas3
1135 2316 1168 2340 v,
1193 2305 1238 2340 nd
1262 2306 1339 2341 Cat.
1363 2306 1428 2350 LI,
1453 2305 1510 2340 11.
1531 2316 1568 2350 p.

167 2371 251 2406 243.
273 2371 351 2415 lug.
376 2371 476 2413 XIV,
502 2369 538 2404 8.
564 2370 748 2412 Lxxxn,
771 2368 807 2403 3.
833 2388 878 2395 —
901 2369 993 2403 Erat
1015 2371 1094 2412 post
1109 2369 1245 2410 fretus,
1270 2365 1432 2410 quamvis
1453 2365 1568 2400 omni-

168 2433 236 2468 bus
269 2431 414 2466 omnino
446 2431 546 2465 codd.
581 2431 786 2475 firmatum,
828 2430 948 2464 Curtio
982 2428 1087 2463 valde
1120 2427 1315 2472 displicuit3
1357 2427 1442 2471 quid
1475 2426 1568 2470 qnod

171 2492 362 2527 Gerlachio
400 2495 472 2525 tam
505 2495 602 2526 certo
631 2491 807 2536 persuasit
841 2502 862 2524 a
885 2489 1033 2524 librario
1057 2489 1239 2534 appictum
1262 2499 1356 2530 esse,
1379 2488 1438 2531 qui
1460 2487 1567 2535 etiam

172 2554 326 2588 alterum
349 2553 548 2587 membrum
575 2564 597 2586 a
621 2554 712 2597 quod
735 2551 885 2596 pendere
908 2550 1086 2592 crederet,
1116 2554 1155 2583 nt
1178 2549 1208 2582 is
1231 2549 1269 2582 in
1293 2548 1502 2584 Commentt.
1533 2559 1566 2592 p.

169 2614 252 2649 247.
285 2614 431 2648 fidenter
464 2614 647 2647 delendum
680 2625 756 2648 esse
785 2610 1090 2655 pronunciaverit,
1123 2621 1231 2653 quum
1262 2608 1569 2643 insolentissimum

170 2675 237 2717 sit,
271 2680 307 2710 et
342 2673 566 2719 participium
601 2674 751 2707 eandem
781 2672 855 2706 vim
888 2676 995 2714 atque
1028 2671 1176 2704 verbum
1211 2670 1348 2704 finitum
1372 2680 1394 2702 a
1416 2669 1567 2703 caussali

170 2736 346 2781 particula
380 2740 502 2779 aptum
534 2735 675 2770 habeat.
735 2735 815 2776 Quo
844 2732 974 2766 iudicio
998 2731 1055 2765 isti
1080 2731 1148 2770 ,viri
1172 2743 1209 2766 se
1231 2730 1416 2765 ostendunt
1437 2728 1566 2763 intelli-

168 2797 284 2843 gendo
318 2797 407 2831 nihil
437 2795 647 2841 intelligere.
704 2794 843 2839 Quippe
875 2793 1140 2836 intellexerunt,
1187 2791 1277 2835 quod
1321 2791 1430 2825 etiam
1465 2789 1567 2835 pueri
