1716 2996
191 140 277 204 aso
557 160 966 204 c.SALLUST1
996 162 1222 207 cmsrl

192 291 330 336 quam
362 276 408 320 id
445 276 608 321 frustra
643 277 741 335 suit,
777 277 1041 340 Iugurtham
1085 279 1297 341 placandi
1326 283 1472 344 gratia
1501 299 1579 329 ac-

194 373 335 428 cedit3
381 365 510 431 dicit,
565 389 683 433 quae
724 375 821 436 ipse
862 377 1110 437 paravisset
1162 377 1343 433 facere,
1386 360 1580 440 perfidia

194 470 362 516 clientis
414 450 485 515 'sui
541 478 812 532 praeventa3
878 474 1131 539 lacrumans
1192 475 1437 522 obtestatur
1495 493 1581 538 per

193 569 428 613 amicitiam
463 583 638 628 perque
677 583 758 613 sua
791 577 921 615 antea
949 571 1144 616 fideliter
1178 578 1278 617 acta
1293 607 1306 629 ,
1354 589 1413 618 ne
1446 578 1590 636 snper*

192 666 270 710 tali
305 666 473 710 scelere
510 671 767 726 suspectum
799 683 897 713 sese
926 668 1128 714 haberet.

327 761 516 807 Lxxu.
585 762 661 807 Ad
697 779 750 807 ea
786 779 888 823 rex,
934 765 1060 809 aliter
1094 751 1233 825 atque*
1264 768 1411 821 animo
1434 783 1582 828 gere-

189 861 292 917 bat,
347 859 529 920 placide
582 860 824 921 respondit.
882 861 1137 907 Bomilcare
1187 863 1372 922 aliisque
1417 865 1580 924 multis,

190 999 350 1040 tuerunt,
374 997 473 1031 velut
495 997 603 1031 servis
627 996 663 1030 in
687 996 798 1044 Palat.
822 996 857 1031 3.
882 996 978 1033 Iaeid.
1003 999 1042 1035 C.
1066 999 1111 1033 Κ.
1134 999 1239 1034 Bern.
1263 999 1296 1033 1.
1322 998 1415 1034 Med.
1437 998 1472 1034 8.
1495 1000 1568 1034 Ven

190 1060 225 1096 1.
248 1058 361 1095 Paris.
383 1070 427 1100 ι.,
451 1058 578 1094 scurris
601 1058 638 1092 in
671 1058 788 1092 Guelf.
813 1058 860 1103 3.,
893 1064 1054 1103 expertus
1081 1060 1118 1094 in
1141 1060 1360 1102 Nazariano,
1391 1071 1434 1094 ex
1455 1060 1584 1105 qm’bne

187 1124 304 1176 temen
327 1120 417 1154 nihil
441 1118 612 1164 proficias.
661 1119 713 1153 Ne
737 1119 871 1160 multa,
894 1119 994 1153 locus
1022 1118 1290 1163 interpolatione
1312 1126 1495 1166 corruptus
1516 1125 1581 1164 est,

189 1192 232 1215 eo
255 1181 404 1216 fortasse
438 1184 536 1223 orta,
573 1179 666 1223 quod
698 1179 817 1213 scriba
849 1179 1083 1223 antiquissimi
1107 1179 1287 1215 cuiusdam
1310 1181 1461 1224 codicis,
1490 1182 1582 1216 nude

187 1241 398 1287 posteriores
418 1242 591 1275 fluxerunt
614 1252 747 1283 omnes,
769 1251 811 1274 ex
836 1252 866 1274 e.
889 1241 1046 1280 LXXIII,
1075 1239 1109 1274 l.
1133 1241 1243 1276 verba
1268 1253 1310 1276 ex
1329 1243 1492 1288 perfugis
1508 1243 1582 1276 hnc

186 1302 375 1338 transtulit.
423 1301 531 1337 Cuius
559 1301 612 1336 rei
638 1299 732 1336 hane
762 1312 921 1335 caussam
956 1300 1062 1335 fuisse
1085 1300 1258 1345 conficio,
1289 1303 1382 1346 qnod
1403 1302 1486 1345 ille,
1519 1302 1582 1347 qui

185 1364 256 1398 hoc
278 1362 385 1406 fecit,
414 1373 602 1409 perperam
633 1361 684 1396 ibi
708 1361 885 1396 coniunxit
906 1361 1034 1395 indicio
1060 1363 1311 1406 patefacto
1344 1375 1395 1398 ea·
1421 1366 1580 1408 perfw-
1642 1402 1647 1413 ἱ

184 1425 271 1471 gis,
295 1435 404 1467 quum
429 1422 544 1467 potius
565 1422 845 1468 coniungentium
869 1422 914 1456 sit
936 1434 978 1456 ex
999 1423 1163 1468 perfugis
1183 1424 1364 1492 cognovit.
1390 1424 1444 1459 Ad
1468 1424 1578 1459 aliam

185 1484 444 1531 depravationis
467 1483 641 1528 originem
673 1483 768 1518 ducit
794 1488 974 1528 expertus,
1012 1485 1051 1516 ut
1074 1482 1110 1515 in
1133 1464 1436 1529 Nazar.leg1tnr.-
1475 1483 1579 1528 Quod

183 1546 216 1582 si
236 1550 369 1581 statuas
399 1545 436 1579 in
467 1549 666 1580 contextum
702 1544 860 1587 venisse,
893 1544 980 1589 quia
1010 1542 1150 1577 scribae
1173 1542 1270 1577 oculi
1291 1545 1336 1578 ad
1362 1549 1580 1589 experrectus

182 1607 394 1642 vocabulum
429 1606 467 1640 in
488 1606 716 1651 praecedente
739 1617 840 1640 versu
865 1606 996 1640 lectum
1018 1605 1243 1648 aberrarent,
1284 1604 1393 1639 facile
1415 1605 1493 1640 lieri
1516 1616 1580 1648 po-

183 1669 271 1711 tnit,
302 1673 340 1702 ut
363 1667 425 1702 alii
449 1672 608 1712 expertus
630 1668 667 1702 in
701 1678 742 1702 ex
772 1667 938 1712 perfugis
961 1669 1154 1709 mutarent,
1191 1665 1265 1699 sive
1287 1677 1330 1700 ex
1351 1665 1580 1701 similitudine

180 1729 402 1770 litterarum,
424 1726 499 1762 sive
523 1739 566 1762 ex
589 1727 790 1763 coniectura
813 1728 857 1762 de
881 1738 981 1761 sensu
1004 1727 1072 1762 loci
1097 1727 1134 1761 in
1156 1727 1249 1762 hanc
1271 1726 1578 1770 interpolationem

182 1789 329 1835 delapsi.
378 1789 449 1823 Sed
471 1793 551 1824 utut
573 1792 637 1834 est,
660 1800 746 1823 vera
767 1788 941 1833 scriptura
963 1788 1071 1823 nostri
1099 1788 1170 1823 loci
1192 1787 1229 1822 in
1251 1798 1322 1822 nno
1343 1787 1476 1822 Wassii
1499 1789 1565 1835 cod

181 1856 324 1887 servata
346 1855 416 1893 est,
441 1850 502 1894 qui
525 1850 645 1894 inepto
668 1849 908 1885 additamento
931 1853 1039 1884 earet.
1060 1869 1106 1876 —-
1132 1849 1250 1891 Dicit,
1275 1849 1368 1892 qnod
1391 1848 1428 1883 in
1452 1849 1575 1883 Guelf.

181 1913 215 1947 2.
240 1913 357 1954 deest,
390 1911 532 1946 Cottius
565 1910 691 1954 eiecit,
723 1922 766 1945 eo
790 1911 1016 1945 confirmatus
1052 1909 1090 1944 in
1120 1913 1195 1944 tam
1218 1909 1411 1944 inconsulto
1434 1909 1576 1954 indicio,

182 1974 277 2019 quod
303 1974 387 2007 Eec.
413 1972 530 2006 Guelf.
553 1971 589 2006 7.
613 1975 647 2006 et
670 1971 729 2006 12.
750 1973 883 2007 habent
906 1972 1085 2015 dicitque,
1108 1971 1199 2005 unde
1222 1970 1436 2005 eontrarium
1461 1970 1576 2015 potius

180 2033 320 2080 probes.
368 2033 465 2067 Idem
489 2035 634 2076 facere,
679 2019 770 2076 “luod
805 2033 1017 2067 vocabulum
1048 2031 1085 2065 in
1117 2031 1226 2065 Fabr.
1251 2030 1285 2065 l.
1321 2031 1442 2066 Gnelf.
1465 2029 1501 2065 3.
1531 2041 1575 2065 ae

180 2094 318 2129 duabus
349 2093 426 2127 edd.
459 2094 592 2128 Venett.
618 2096 700 2128 ante
724 2099 922 2138 praeventa
946 2091 1092 2137 legitur,
1126 2091 1272 2136 expulit.
1327 2091 1431 2136 Quod
1464 2102 1575 2135 quum
1631 2111 1642 2115 -

180 2154 390 2190 Gerlachius
411 2147 521 2189 etiam
543 2155 580 2188 in
602 2154 714 2190 vatic.
737 2154 772 2189 5.
797 2155 1006 2199 invenisset,
1031 2151 1092 2196 qui
1118 2152 1208 2186 liber
1230 2156 1409 2196 praeterea
1433 2153 1573 2188 dicebat

179 2228 244 2262 pro
268 2217 353 2251 dicit
385 2214 553 2257 exhibet,
590 2226 632 2249 eo
664 2215 775 2250 Gortii
808 2215 1027 2261 ingeniosam
1058 2212 1286 2248 mutationem
1314 2217 1413 2248 extra
1435 2224 1574 2248 omnem

179 2277 432 2312 dubitationem
466 2276 618 2321 positam
650 2287 723 2310 esse
755 2277 953 2311 confirmat.
1000 2275 1148 2318 Credat,
1179 2275 1241 2319 qui
1276 2274 1379 2308 velit!
1420 2274 1510 2309 Nam
1540 2272 1572 2307 si

181 2339 337 2375 tantillae
359 2337 613 2383 discrepantiae
635 2337 944 2383 interpolationem
967 2340 1029 2372 aut
1051 2337 1285 2380 corruptelam
1309 2335 1468 2380 probant,
1491 2334 1571 2367 nul-

181 2401 235 2435 lus
257 2410 369 2445 paene
391 2411 512 2433 versus
534 2399 696 2433 Sallustii
718 2403 789 2441 est,
813 2398 897 2442 quin
919 2401 1104 2442 corruptus
1126 2397 1300 2441 putandas
1320 2395 1378 2430 sit.
1422 2393 1492 2428 Sed
1515 2398 1570 2429 ta-

179 2460 232 2496 lia
254 2459 386 2495 indicia
415 2459 515 2505 aegri
546 2459 680 2505 ingenii
711 2459 849 2495 somnia
879 2470 955 2494 esse
986 2447 1035 2493 ex'
1052 2470 1095 2493 eo
1118 2465 1330 2503 cog-noscas,
1362 2455 1452 2500 quod
1473 2453 1568 2489 idem

181 2520 390 2556 Gerlaehius
419 2518 458 2553 in
489 2520 543 2553 ed.
574 2520 711 2555 minore
742 2525 929 2564 utrumque
964 2520 1177 2555 vocabulum
1208 2516 1363 2552 retinnit.
1386 2535 1432 2540 —
1457 2515 1569 2560 Super

181 2594 245 2628 pro
269 2583 313 2619 de
335 2591 445 2616 aurea
466 2583 582 2615 aetate
604 2580 735 2615 dictum
758 2581 899 2626 quidem
923 2581 1003 2623 fuit,
1026 2580 1085 2614 sed
1109 2579 1224 2613 multo
1241 2575 1453 2622 frequentius
1474 2577 1568 2622 apud

181 2642 330 2678 seriores
359 2642 396 2677 in
427 2652 492 2676 usn
524 2645 623 2682 erat;
655 2642 700 2676 cf.
728 2642 865 2685 Zumpt.
900 2641 1058 2676 Gramm.
1092 2640 1170 2674 Lat.
1196 2641 1231 2682 §.
1255 2638 1313 2673 65.
1349 2651 1384 2683 p.
1407 2638 1488 2673 261.
1512 2638 1566 2672 ed.

180 2704 240 2739 lv.
263 2701 485 2738 Boeaioheri
502 2698 733 2738 Lex.‘'1'acit.
768 2702 805 2737 h.
830 2713 862 2738 v.
887 2713 922 2746 p.
947 2700 1028 2736 41⁹.
1063 2701 1206 2747 Grysar.
1230 2700 1303 2736 Art.
1331 2700 1455 2736 Latine
1477 2699 1567 2735 scri-

134 2759 144 2771 “
179 2762 282 2800 bendi
306 2776 340 2810 p.
365 2763 446 2800 462.
469 2765 503 2808 §-
526 2762 561 2798 ὃ.
1199 2782 1207 2786 -
1345 2782 1349 2785 -
