1702 2982
176 206 261 248 126
544 203 589 246 C.
619 202 955 246 SALLUSTI
985 204 1212 248 CRISPI

178 320 443 376 decessere,
478 327 523 365 et
548 320 769 382 Iugurtha
798 327 953 367 contra
980 323 1189 367 timorem
1215 322 1358 366 animi*
1373 323 1575 384 praemia

179 418 358 463 sceleris
405 417 624 479 adeptum
654 434 754 463 sese
790 410 935 479 videt,
973 426 1144 465 certum
1177 426 1322 480 ratuS,
1357 421 1486 480 quod
1519 436 1575 466 ex

182 516 334 561 amicis
378 515 503 577 apud
544 517 836 562 Numantiam
882 523 1149 578 acceperat,
1203 518 1355 562 omnia
1396 516 1578 563 Romae

178 614 353 660 venalia
399 629 519 670 esse,
565 613 696 658 simul
746 620 791 660 et
838 615 1016 660 illorum
1059 615 1453 676 pollicitationibus
1496 630 1577 661 ac-

174 792 437 838 Havercampi',
480 792 603 827 multis
643 793 765 829 Guelf.
806 794 950 831 Fabric.
985 795 1019 831 l.
1053 796 1158 830 Rem.
1191 781 1378 832 astrum
1418 796 1502 830 Bas.
1540 794 1574 830 4.

175 857 302 892 Turio.
326 856 360 891 1.
384 854 418 889 3.
453 856 488 888 et
517 854 759 897 compluribus
790 856 883 891 ltau.
914 855 1056 891 Relicui
1086 858 1219 891 habent
1246 858 1452 900 discessere,
1483 855 1577 900 quod

176 918 317 954 cortine
342 915 486 960 recepit.
537 915 751 950 Gerlachius
775 916 811 950 in
835 921 934 951 textu
967 917 1108 962 quidem
1141 919 1315 952 decessere
1350 917 1482 958 edidit,
1515 916 1576 950 sed

175 980 227 1015 ita
250 979 399 1020 titubat,
424 982 464 1011 ut
486 975 523 1010 in
546 977 757 1011 Commentt.
781 990 816 1022 p.
840 978 923 1013 246.
947 990 1018 1023 qua
1041 979 1078 1013 in
1102 991 1141 1013 re
1163 980 1254 1013 haec
1275 979 1387 1013 verba
1409 978 1576 1013 differant

174 1054 212 1077 se
235 1042 362 1076 docere
383 1050 453 1074 non
477 1049 579 1082 posse
601 1038 829 1082 profiteatur,
855 1039 950 1083 quod
973 1050 1076 1074 nemo
1100 1039 1311 1082 mirabitur,
1334 1039 1395 1083 qui
1417 1039 1502 1083 quid
1515 1039 1577 1074 ille

175 1103 220 1137 de
242 1101 279 1136 vi
303 1102 347 1136 de
371 1104 405 1134 et
430 1100 484 1134 dis
507 1099 717 1134 vocularum
741 1103 871 1135 statuat
893 1101 1126 1144 recordatui-3
1161 1113 1197 1136 v.
1220 1111 1328 1146 supra
1350 1100 1395 1135 ad
1421 1101 1459 1142 1,
1481 1099 1518 1134 4.
1540 1103 1577 1134 et

175 1163 294 1199 Iahnii
321 1162 463 1196 Annali.
496 1159 622 1204 philol.
655 1163 691 1195 et
719 1161 868 1207 paedag.
904 1173 936 1196 a.
969 1162 1073 1197 1829.
1097 1163 1176 1199 Vol.
1199 1162 1246 1197 Π.
1270 1162 1374 1198 Fasc.
1399 1161 1434 1197 1.
1458 1173 1494 1206 p.
1516 1159 1576 1197 64.

173 1226 215 1261 Si
238 1225 322 1270 quid
345 1223 440 1258 valet
462 1222 573 1265 ratio,
602 1232 713 1266 eaque
735 1222 849 1256 nitens
881 1223 1046 1267 loquendi
1077 1235 1180 1266 usne,
1211 1233 1282 1258 uon
1309 1222 1407 1257 aliud
1437 1220 1577 1266 scripsit

175 1290 302 1322 auctor
323 1295 431 1329 quam
455 1283 644 1317 decessere.
691 1282 782 1318 Nam
806 1295 871 1327 pro
894 1284 1064 1328 peculiari
1087 1285 1131 1319 dc
1155 1288 1191 1318 et
1221 1285 1275 1318 dis
1308 1294 1438 1317 vocum
1470 1286 1575 1328 pote-

174 1351 265 1383 state
287 1346 464 1381 discedere
487 1349 541 1379 est
564 1345 600 1378 in
634 1345 757 1378 varias
786 1349 910 1389 partes
939 1345 1058 1386 abire,
1082 1346 1140 1379 vel
1164 1345 1306 1380 omnino
1331 1345 1441 1381 alium
1465 1345 1576 1379 locum

172 1414 316 1455 petere,
346 1407 399 1442 ita
428 1409 468 1440 ut
499 1407 676 1441 mutati
711 1406 778 1440 loci
811 1405 911 1439 uotio
940 1405 1169 1450 praemineat.
1200 1406 1246 1440 cf.
1280 1417 1310 1440 c.
1336 1405 1446 1448 XIII,
1470 1404 1504 1439 1.
1529 1405 1576 1440 iu

176 1472 288 1506 duas
308 1467 467 1514 partie
492 1467 746 1502 discedunt
769 1467 959 1501 Numidae.
985 1467 1155 1510 XXVIII,
1178 1467 1214 1502 3.
1244 1466 1422 1501 Numidae
1434 1466 1577 1510 infectio

175 1531 278 1566 rebus
301 1529 479 1564 domum
503 1529 770 1563 discedunt.
803 1527 900 1570 LIV,
935 1528 969 1562 4.
1005 1530 1183 1564 Numidae
1215 1539 1299 1574 quo
1335 1527 1574 1572 cuiusque

173 1593 357 1627 animus
380 1590 501 1634 fert,
527 1600 566 1624 eo
591 1589 861 1624 discedunt.
885 1588 971 1626 ibid.
994 1592 1028 1634 §-
1052 1590 1111 1624 lo.
1137 1589 1317 1624 Numidae
1336 1588 1374 1622 in
1388 1598 1576 1632 proxumo·

172 1654 270 1688 collis
294 1653 318 1687 d
328 1653 342 1687 i
352 1663 368 1686 s
378 1663 396 1685 c
405 1662 423 1685 e
434 1650 459 1685 d
469 1663 492 1684 u
501 1662 526 1684 n
537 1655 565 1685 t.
589 1650 686 1692 LVI,
710 1650 746 1685 6.
770 1651 898 1685 milites
917 1651 1122 1696 Iugurthini
1147 1650 1273 1696 paucis
1297 1649 1434 1684 amissis
1462 1659 1488 1694 p
1497 1660 1518 1683 r
1527 1659 1547 1683 ο
1555 1667 1575 1675 -
1630 1679 1634 1680 ⁷

165 1715 280 1760 fugi
312 1704 572 1748 discedunt.
620 1711 704 1745 Inde
727 1714 825 1755 patet
848 1723 912 1746 cur
938 1712 1076 1746 dicatur
1104 1711 1350 1746 discedere
1384 1710 1429 1744 ab
1453 1710 1577 1751 armis,

174 1775 252 1810 Cat.
287 1773 454 1816 XXXIV,
489 1773 524 1807 1.
558 1772 733 1814 xxxvl,
765 1772 802 1807 2.
834 1773 913 1818 lug.
947 1772 1055 1815 XXI,
1078 1771 1137 1815 4.‚
1162 1772 1410 1807 discedere
1431 1772 1574 1813 victum,

173 1836 218 1870 de
250 1845 321 1879 quo
353 1845 390 1871 v,
423 1833 470 1867 ad
502 1833 578 1868 Cat.
611 1833 747 1875 XLIX,
778 1833 834 1877 2.,
868 1833 1122 1868 discedere
1154 1833 1192 1866 in
1221 1833 1456 1875 sententiam,
1480 1832 1575 1877 quod

173 1896 355 1942 tetigimus
385 1894 431 1929 ad
463 1895 540 1929 Cat.
577 1894 618 1936 L,
649 1893 684 1928 4.
719 1894 848 1929 Contra
878 1894 1045 1929 decedere
1069 1893 1248 1938 significat
1269 1895 1448 1929 relicto
1472 1904 1574 1939 quem

172 1959 250 2004 quie
284 1956 442 1992 tenuit
474 1957 567 1990 loco
600 1956 721 1997 abire3
755 1966 865 2000 quare
896 1955 1039 2000 proprie
1072 1955 1115 1988 de
1138 1954 1407 2000 magistratibus
1430 1954 1572 1996 dicitur,

172 2019 235 2064 qui
267 2017 487 2064 provinciam
518 2015 737 2060 relinquunt,
769 2016 816 2050 cf.
848 2016 1115 2051 Drakenborch.
1146 2015 1190 2050 ad
1215 2015 1293 2050 Liv.
1321 2014 1492 2056 XXVIII,
1513 2014 1573 2058 28,

171 2081 207 2118 7.
233 2085 269 2115 et
295 2080 339 2115 ad
362 2078 502 2120 XXIX,
527 2076 598 2120 2⁰,
623 2076 658 2112 5.
681 2077 835 2122 Herzog.
860 2077 906 2112 ad
922 2078 1020 2112 Caes.
1037 2077 1082 2111 Β.
1099 2076 1143 2112 G.
1159 2076 1237 2111 vm
1251 2101 1260 2117 ,
1284 2074 1349 2119 49,
1372 2075 1422 2110 in.
1439 2075 1572 2110 Bremi.

171 2139 219 2174 ad
241 2138 328 2184 Nep.
352 2138 458 2172 Attio.
481 2150 512 2174 c.
538 2138 605 2183 IV,
630 2138 665 2173 1.
689 2138 872 2173 Daehnius
896 2139 942 2174 ad
967 2139 1077 2173 eiusd.
1102 2139 1179 2173 Cat.
1204 2137 1244 2180 1,
1267 2137 1302 2172 4.
1323 2137 1503 2173 Kuehner.
1526 2137 1574 2172 ad

171 2200 245 2236 cic.
277 2199 407 2234 Tusco.
442 2200 497 2243 ιι,
529 2198 598 2242 25,
622 2199 681 2234 61.
705 2199 858 2234 Ellendt.
883 2200 929 2234 aa
950 2199 1053 2235 Brut.
1079 2211 1111 2234 c.
1135 2199 1172 2242 1,
1196 2198 1231 2233 1.
1255 2188 1574 2244 Gomimili‘higni-

170 2261 335 2297 ficatione
366 2261 410 2295 de
445 2271 489 2295 eo
524 2259 671 2304 dicitur,
702 2259 764 2305 qui
787 2260 929 2304 locum,
953 2261 1014 2294 ubi
1032 2262 1164 2296 diutius
1179 2260 1316 2296 versari
1334 2260 1493 2303 volebat,
1515 2270 1573 2294 re-

174 2320 334 2365 linquere
358 2319 510 2355 iubetur.
535 2320 625 2356 Sall.
650 2321 728 2367 Ing.
753 2322 912 2366 XXVIII,
939 2322 975 2359 2.
998 2322 1199 2365 decrevere,
1222 2321 1278 2356 uti
1302 2320 1416 2367 legati
1437 2321 1475 2355 in
1496 2320 1573 2355 die-

174 2380 238 2415 bus
270 2382 448 2426 proxumis
480 2382 599 2417 decem
631 2382 743 2418 Italia
774 2384 1070 2419 decederent.
1103 2382 1254 2424 XXXV,
1289 2380 1322 2416 8.
1354 2381 1429 2427 ipse
1450 2380 1574 2426 pauci·

173 2442 294 2478 diebus
323 2445 501 2486 profectus
533 2449 608 2487 est,
633 2444 746 2479 iussus
773 2445 817 2479 ab
839 2450 963 2479 senatu
983 2444 1094 2479 Italia
1116 2443 1350 2479 decedere.
1376 2441 1570 2484 xxxvm,

172 2503 209 2539 9.
256 2504 310 2538 Ex
342 2504 487 2547 propria
510 2508 685 2549 potestate
718 2505 822 2540 fluxit
851 2505 1040 2540 translatus
1070 2515 1173 2548 usus,
1204 2514 1276 2548 quo
1309 2503 1352 2536 de
1373 2500 1571 2537 omittendis

173 2565 218 2599 iis
241 2565 346 2599 rebus
367 2569 559 2610 usurpatur
573 2590 584 2607 ,
610 2576 701 2609 quae
723 2567 855 2602 tuenda
878 2569 914 2601 et
936 2565 1120 2601 retinenda
1142 2568 1243 2606 sunt,
1275 2560 1570 2607 quemadmodum

175 2626 300 2661 Cicero
322 2625 411 2660 dixit
432 2625 469 2660 in
496 2627 597 2660 Verr.
621 2627 676 2668 11,
702 2627 771 2670 1⁷,
793 2626 850 2662 43.
874 2627 917 2661 de
940 2627 1013 2661 suis
1036 2627 1167 2660 bonis
1196 2625 1352 2660 omnibus
1374 2623 1571 2658 decede-

174 2699 241 2728 re,
273 2691 336 2723 aut
369 2687 448 2722 Liv.
483 2686 556 2729 111,
586 2685 658 2727 33,
691 2687 747 2723 1⁰.
782 2687 1063 2732 decessitque
1100 2688 1201 2721 iure
1222 2697 1304 2728 auo,
1328 2684 1390 2720 ubi
1411 2685 1571 2719 Draken-

175 2749 346 2783 bon-chius
368 2749 474 2794 plura
485 2747 604 2782 ”huiu-
625 2749 766 2792 generis
795 2748 956 2792 exempla
987 2747 1116 2783 attulit.
1165 2746 1261 2781 Huic
1290 2746 1369 2781 usui
1400 2749 1572 2791 cognatu·

172 2814 228 2845 oet
258 2809 309 2851 ia,
332 2820 402 2855 quo
433 2808 551 2845 Latini
583 2807 654 2842 hoc
677 2809 827 2844 verbum
849 2812 1002 2854 ponunt,
1036 2812 1076 2844 ut
1099 2807 1297 2854 significent
1323 2806 1479 2851 aliquem
1501 2816 1571 2840 non
