1716 2996
246 168 331 211 412
611 163 656 206 C.
686 162 1007 207 SALLUSTI
1048 165 1287 209 CRISPL
1328 218 1332 228 ,
1387 202 1389 204 .

244 283 307 327 tia
338 281 498 327 fluctus
534 279 739 335 trahunt3
772 281 835 325 ita
860 280 1231 328 facies-locorum
1267 298 1372 330 cum
1404 267 1543 331 sentis
1580 288 1636 331 si-

211 379 345 424 4mul
377 383 589 424 mutatur.
637 376 796 437 Syrtes
831 377 889 422 ab
913 373 1070 424 'tractu
1100 380 1364 427 nominatae.
1431 381 1541 428 Eius
1570 383 1634 428 ci-

244 476 389 521 vitatis
432 475 587 537 lingua
630 474 770 519 modo
806 489 1025 523 convorsa
1061 477 1288 523 connubio
1317 478 1636 534 Numidarum3

245 574 400 636 legum
435 573 672 631 cultusque
715 572 934 633 pleraque
983 573 1223 631 Sidonica,
1269 590 1386 634 quae
1429 591 1485 627 eo
1530 576 1638 624 faci-
1697 616 1700 618 ,

245 671 328 715 lius
362 670 635 728 retinebant,
680 669 805 729 quod
835 670 998 730 procul
1036 670 1094 716 ab
1127 646 1318 732 imperio
1353 673 1474 734 regis
1509 679 1635 718 aeta-

208 774 336 816 5tem
374 768 584 829 agebant.
664 767 785 811 Inter
832 767 932 812 illos
976 774 1021 812 et
1061 768 1343 827 frequentem
1378 769 1637 815 Numidiam

244 865 371 911 multi
399 865 602 925 vastique
636 865 728 909 loci
763 870 902 911 erant.

244 1002 371 1036 auctor
404 999 539 1037 dixerat
571 1002 731 1046 Syrtibus
762 1013 814 1037 ex
845 1012 893 1036 re
923 1011 1047 1035 nomen
1075 1000 1224 1035 inditum
1258 1011 1342 1037 esse.
1389 1001 1492 1047 Quod
1516 1005 1635 1038 autem

242 1061 387 1107 Syrtes,
420 1062 578 1097 Graecae
607 1062 755 1108 originis
778 1073 925 1104 vocem,
949 1061 1074 1097 Latino
1107 1062 1283 1097 vocabulo
1319 1062 1470 1107 explicat
1505 1062 1636 1098 mirum

241 1122 355 1156 videri
378 1122 508 1167 nequit,
532 1135 640 1167 quum
663 1123 838 1158 neminem
862 1123 1078 1158 eruditorum
1101 1124 1342 1158 Romanorum
1364 1124 1490 1169 fugere
1511 1127 1637 1168 posset,
1674 1151 1678 1165 ,

241 1184 326 1228 quid
349 1183 386 1217 in
411 1184 550 1218 Graeco
576 1196 737 1218 sermone
760 1185 901 1219 trahere
925 1185 1033 1219 verbo
1056 1184 1293 1228 responderet.
1338 1184 1487 1219 Prorsus
1513 1185 1635 1219 eodem

241 1245 348 1279 ruodo
373 1244 498 1279 Cicero
530 1244 659 1278 Acadd.
683 1245 739 1287 11,
762 1245 829 1288 16,
852 1245 910 1280 49.
958 1246 1008 1281 Et
1027 1245 1182 1289 primum
1205 1245 1343 1290 quidem
1365 1245 1429 1279 hoc
1449 1246 1636 1291 reprehen-

243 1306 416 1350 dendum,
451 1305 542 1350 quod
562 1305 826 1350 ·captiosissimo
856 1317 988 1352 genere
1018 1306 1307 1353 interrogationis
1337 1311 1510 1348 utuntur-,-
1543 1307 1636 1352 quod

242 1364 520 1413 genusminime
543 1367 581 1400 in
601 1367 822 1411 philosophia
843 1367 986 1412 probari
1007 1368 1114 1410 solet,
1147 1379 1252 1414 quum
1275 1367 1410 1413 aliquid
1433 1369 1636 1404 minutatim
1683 1399 1690 1409 ,

243 1434 280 1464 et
299 1428 486 1474 gradatim
506 1428 652 1462 additur
670 1432 734 1462 aut
756 1427 916 1463 demitur.
952 1427 980 1461 S
987 1427 1139 1464 oritas
1163 1428 1224 1463 hos
1243 1434 1380 1471 vocant,
1403 1430 1487 1474 quia
1509 1441 1635 1464 acer-

241 1500 343 1523 uum
376 1474 532 1534 efficiunt
562 1499 632 1522 uno
665 1487 788 1522 addito
819 1499 946 1534 grano.
991 1487 1113 1533 Neque
1145 1488 1316 1524 dissimile
1345 1492 1398 1524 est
1426 1490 1519 1534 quod
1540 1490 1634 1535 apud

242 1550 390 1585 eundem
415 1549 551 1595 legitur
574 1550 688 1594 Legg.
713 1548 743 1590 1,
765 1548 801 1591 63
825 1549 884 1584 19.
931 1549 1055 1595 Itaque
1079 1549 1298 1584 arbitrantur
1315 1549 1540 1597 prudentiam
1563 1561 1636 1586 esse

243 1613 412 1658 legem,
445 1611 543 1646 cuius
566 1622 609 1645 ea
633 1611 685 1644 vis
707 1610 776 1651 sit,
806 1614 846 1644 ut
869 1614 963 1644 recte
987 1611 1114 1654 facere
1138 1610 1280 1654 iubeat,
1309 1613 1403 1646 vetet
1424 1609 1634 1656 delinquere,

243 1684 389 1719 eamque
419 1683 494 1706 rem
532 1671 589 1706 illi
630 1672 815 1706 Graeco
849 1675 980 1716 putant
1011 1671 1148 1706 nomine
1179 1682 1204 1706 a
1237 1668 1318 1706 s'uo
1352 1671 1516 1716 cuique
1557 1672 1635 1707 tri-

241 1733 415 1769 buendo
454 1732 691 1779 appellatam,
726 1730 789 1766 nbi
820 1741 854 1766 V.
881 1732 1053 1766 Goerenz.
1108 1733 1148 1767 Iu
1180 1731 1321 1766 summo
1341 1731 1502 1774 omnium·
1522 1733 1634 1776 codd.,

241 1784 302 1839 qui
324 1794 389 1829 illa
414 1794 524 1828 verba
547 1793 700 1837 habeut,
733 1803 900 1827 consensu
924 1792 991 1827 soli
1014 1792 1212 1837 discrepant
1245 1792 1355 1827 Laud.
1377 1791 1414 1827 3.
1437 1793 1517 1827 Vat.
1540 1791 1576 1829 5.
1598 1796 1634 1828 et

241 1855 404 1897 Goerlit.‚
434 1855 471 1889 in
499 1854 626 1901 quibu}
657 1853 791 1887 desunt.
839 1853 907 1887 Sed
942 1853 1047 1889 istam
1079 1853 1219 1898 ellipsin
1250 1863 1317 1887 non
1348 1864 1392 1888 ex
1422 1853 1566 1898 antiquo
1598 1857 1635 1889 et

240 1917 441 1960 incorrupto
474 1915 626 1960 quodam
660 1914 781 1948 codice
812 1913 952 1948 fluxisse
983 1918 1101 1948 cetera
1138 1918 1264 1950 natura
1298 1913 1426 1949 horum
1457 1914 1632 1949 librorum

240 1977 401 2013 ostendit.
449 1978 570 2022 Quare
591 1976 776 2021 probabile
803 1978 872 2019 est,
892 1975 1038 2010 eandem
1061 1975 1316 2020 suspicionem,
1347 1984 1437 2018 quae
1459 1973 1631 2008 editorum

240 2038 372 2073 iudicia
405 2037 596 2084 pervertit,
632 2036 763 2071 scribas
794 2047 932 2080 quoqne
948 2024 1003 2070 xnt
1032 2036 1100 2070 ista
1127 2036 1233 2071 verba
1256 2033 1454 2070 omitterent
1474 2044 1631 2068 commo-

242 2098 334 2133 visse
349 2125 361 2144 ,
397 2110 504 2144 quam
537 2097 776 2132 coniecturam
809 2097 992 2132 confirmat
1023 2097 1144 2131 Guelf.
1173 2097 1209 2132 2.
1244 2096 1308 2131 ubi
1338 2095 1462 2130 eadem
1495 2105 1633 2136 manus,

241 2170 332 2203 quae
358 2160 467 2195 verba
491 2159 648 2204 scripsit,
679 2169 800 2193 rursus
823 2157 968 2192 induxit.
1017 2157 1087 2191 Sed
1122 2169 1262 2192 omnem
1285 2157 1489 2202 scrupulum
1511 2155 1632 2190 eximit

241 2219 393 2255 Isidorus
408 2245 420 2263 ,
451 2224 574 2256 auctor
596 2220 723 2255 nostris
754 2222 847 2254 certe
869 2218 1048 2253 codicibus
1070 2218 1268 2264 antiquior,
1302 2217 1363 2263 qui
1385 2217 1491 2259 xm,
1513 2215 1572 2260 18,
1594 2215 1631 2251 6.

241 2280 423 2325 (Gi-amm.
445 2283 523 2317 Lat.
548 2282 626 2317 Vol.
647 2282 708 2316 11¹.
741 2293 776 2326 p.
799 2279 882 2315 428.
917 2280 972 2314 ed.
996 2279 1122 2325 Lind.)
1153 2281 1244 2315 haec
1266 2279 1394 2314 habet:
1425 2278 1542 2322 Syrtes
1564 2288 1630 2311 au-

241 2346 312 2376 tem
338 2342 526 2377 Sallustius
552 2355 576 2378 a
609 2347 781 2379 tractu
810 2341 976 2376 vocari
999 2341 1095 2377 dicit.

333 2405 366 2446 §-
389 2403 423 2437 4.
447 2408 482 2439 et
504 2404 537 2439 5.
586 2405 682 2450 leges
713 2404 892 2449 cultusque
920 2401 1111 2447 pleraque]
1149 2402 1263 2448 Leges
1292 2401 1402 2435 exstat
1430 2397 1467 2432 in
1491 2396 1570 2431 Vin.
1595 2397 1627 2430 1.

240 2465 310 2500 luc.
334 2463 369 2500 2.
405 2465 524 2499 Guelf.
551 2466 588 2500 6.
623 2465 706 2500 Seu.
730 2466 764 2500 2.
797 2465 923 2500 Reuss.
956 2464 1055 2498 Vrat.
1078 2462 1112 2498 3.
1144 2463 1260 2497 Berol.
1285 2461 1317 2496 1.
1345 2457 1491 2495 Goerlit.
1523 2457 1629 2495 Misn.

241 2525 338 2560 Med.
360 2524 395 2562 1.
418 2525 452 2560 2.
479 2525 513 2560 8.
537 2526 618 2562 Vat.
640 2527 674 2562 1.
698 2526 731 2563 4.
755 2525 789 2560 5.
817 2526 964 2560 Bar-lter.
989 2523 1024 2558 5.
1050 2524 1137 2558 Min.
1163 2523 1196 2557 2.
1219 2523 1343 2557 Eicbh.
1372 2519 1488 2555 ceteri
1510 2519 1627 2566 legum

240 2586 392 2628 habent,
415 2586 507 2630 quod
532 2587 664 2621 factum
690 2591 743 2621 est
764 2599 787 2621 a
810 2585 954 2626 scribis,
987 2584 1047 2629 qui
1070 2585 1163 2618 hanc
1185 2593 1322 2627 quoque
1346 2594 1466 2616 vocem
1490 2582 1536 2616 ad
1554 2583 1629 2626 ple-

239 2658 349 2692 raque
372 2647 543 2691 pertinere
567 2650 634 2682 rati
655 2651 867 2681 structuram
891 2645 1108 2690 aequandam
1133 2636 1207 2677 e'sse
1229 2647 1415 2678 censerent.
1461 2641 1630 2678 Primitus

242 2711 359 2742 nutem
382 2707 538 2753 genitivo
563 2706 698 2751 posito,
731 2707 808 2751 quis
837 2707 955 2741 credat
979 2705 1040 2740 ulli
1069 2705 1102 2738 in
1128 2708 1277 2738 mentem
1311 2704 1445 2738 venisse
1466 2703 1626 2738 nomina-

241 2768 353 2803 tivum
382 2766 617 2804 substituere?
651 2767 703 2803 Ad
729 2768 796 2803 hoc
819 2767 1001 2813 probabile:
1027 2772 1078 2801 est
1103 2765 1308 2810 Leptitanos
1331 2777 1398 2802 non
1419 2769 1551 2811 partem
1575 2764 1626 2799 le-
