1702 2982
191 174 250 214 6⁰
565 174 612 217 C.
643 173 972 228 SALLUSTI
1005 176 1224 220 CRISPI

157 289 185 328 7
200 287 281 332 mis
318 289 442 334 annis
481 291 772 352 adoptatione
813 293 858 337 in
894 308 1088 354 regnum
1131 279 1415 355 pervenisse;
1441 296 1585 356 ,quod

192 386 380 430 verbum
412 386 455 430 in
498 395 658 448 pectus
699 389 945 451 Iugurthae
984 391 1137 444 altius,
1183 407 1316 451 quam
1347 392 1584 452 quisquam

154 466 314 527 aratus
351 490 470 541 erat,
518 484 761 531 descendit.
834 485 994 546 Itaque
1033 502 1089 531 ex
1126 504 1182 532 eo
1209 495 1416 548 tempore
1444 488 1508 533 ira
1541 460 1596 534 et·

189 586 311 624 metu
344 581 500 625 anxius
531 582 702 639 moliri,
738 598 902 643 parare
933 589 1069 643 atque
1099 601 1154 630 ea
1180 585 1322 631 modo
1353 600 1457 630 cum
1486 587 1582 630 ani-

187 691 263 722 mo
291 677 487 737 habere,
533 679 694 738 quibus
726 680 967 742 Hiempsal
1007 697 1094 742 per
1135 682 1290 728 dolum
1330 689 1581 744 caperetur.

181 870 311 914 ptione,
336 869 372 904 in
397 870 539 905 relicuis
565 871 663 906 codd.
690 872 898 916 conspicua,
923 873 984 907 sed
1006 882 1120 915 neque
1142 872 1188 906 ab
1211 872 1377 919 analogia
1401 885 1513 918 neque
1534 875 1581 909 ab

182 942 249 964 usu
269 935 468 975 suspectum
493 935 558 968 est.
585 933 631 968 cf.
656 932 728 969 Cio.
753 933 881 969 Tusce.
905 933 934 977 1,
963 932 1022 974 14,
1043 931 1101 966 31.
1134 932 1198 967 ubi
1223 933 1371 969 Wolfius
1392 939 1428 970 et
1457 935 1579 970 Kueh-

179 1002 283 1025 nerus
307 998 496 1036 praeeunte
519 993 667 1028 Davisio
699 994 911 1039 scripserunt
935 993 1178 1040 adoptationes
1198 995 1362 1036 filiorum.
1387 996 1482 1033 Gen.
1503 996 1578 1032 NN.

179 1053 254 1088 ΑΛ.
279 1053 320 1096 V,
346 1052 402 1087 19.

271 1116 305 1157 §.
328 1113 363 1149 7.
410 1119 510 1149 ratus
535 1115 626 1159 erat]
654 1117 741 1150 Erat
755 1141 765 1159 ‚
790 1116 885 1160 quod
909 1115 1050 1150 Cortius
1073 1115 1171 1149 nullo
1193 1126 1237 1149 ex
1264 1115 1338 1150 suis
1360 1116 1458 1150 eodd.
1483 1115 1598 1151 nisus'

176 1175 300 1218 eiecit,
331 1186 415 1209 sane
439 1186 509 1209 uon
533 1181 713 1220 comparet
735 1176 772 1211 in
796 1177 909 1211 Palat.
932 1175 967 1210 8.
999 1176 1111 1211 tribus
1129 1175 1261 1211 Wassii
1283 1181 1318 1212 et·
1342 1178 1419 1213 Vat.
1441 1177 1477 1212 6.
1523 1178 1578 1212 Ad

174 1237 246 1287 hoe
271 1238 347 1272 Vat.
370 1235 404 1271 4.
427 1235 576 1271 ostendit
601 1248 702 1271 esse
724 1243 848 1280 ratus,
880 1237 974 1281 quod
999 1237 1191 1272 Gerlachio
1218 1238 1306 1273 satis
1334 1237 1403 1273 fuit
1427 1238 1473 1272 ad
1496 1249 1577 1271 ver-

174 1299 260 1332 bum
284 1298 320 1331 in
344 1298 553 1332 commentt.
578 1309 610 1341 p.
635 1297 716 1333 229.
740 1298 1034 1342 improbandum,
1059 1309 1275 1343 quamquam
1293 1299 1330 1333 in
1352 1302 1500 1344 utraque
1521 1299 1576 1333 ed.

174 1359 330 1395 retinuit.
377 1358 447 1392 Sed
474 1358 505 1392 si
528 1358 611 1402 quid
635 1359 730 1393 valet
752 1359 968 1393 relicuorum
991 1358 1168 1393 librorum
1190 1359 1391 1402 auctoritas,
1413 1359 1576 1404 equidem

175 1433 239 1454 eur
273 1419 469 1454 orationem
502 1419 632 1453 omisso
663 1420 772 1453 verbo
795 1419 1003 1463 impeditam
1026 1419 1216 1454 reddamus
1236 1431 1307 1454 non
1329 1420 1443 1456 video.
1465 1440 1512 1447 —-
1533 1421 1575 1455 In

172 1487 295 1527 pectus
317 1479 602 1520 descendit,·
625 1480 671 1512 cf.
697 1479 777 1514 Liv.
801 1481 863 1522 III,
888 1481 947 1523 52,
971 1481 1006 1514 2.
1057 1481 1138 1515 Non
1152 1481 1250 1525 prius
1267 1492 1387 1514 curam
1411 1482 1457 1515 in
1479 1482 1573 1515 ani-

172 1554 265 1578 mos
294 1547 438 1587 patrum
470 1540 812 1574 descensuram.
845 1541 966 1575 Senee.
997 1542 1187 1576 Controvv.
1222 1542 1250 1576 I.
1285 1542 1404 1576 Praef.
1455 1543 1571 1585 Quae-

173 1616 306 1650 cunque
330 1604 375 1638 in
399 1602 597 1636 animum
623 1602 695 1635 eius
712 1602 820 1635 semel
844 1602 1198 1647 descenderant,
1220 1604 1258 1637 in
1279 1607 1442 1647 promptu
1459 1607 1571 1637 erant.

265 1682 298 1723 §-
321 1678 355 1713 8.
402 1690 479 1711 cnm
512 1678 628 1711 animo
652 1678 796 1722 habere]
829 1679 912 1713 Cum
943 1679 1111 1723 plurimi,
1143 1678 1181 1714 in
1204 1678 1318 1723 iisque
1339 1677 1464 1722 optimi
1489 1677 1572 1712 libri

170 1742 325 1782 habent3
355 1738 462 1784 pauci
491 1737 568 1772 eius
602 1738 683 1772 loco
713 1738 752 1772 in
775 1739 980 1782 ostendunt,
1015 1741 1132 1775 Palat.
1155 1752 1239 1774 vero
1261 1739 1296 1774 5.
1320 1740 1375 1774 lo.
1402 1740 1508 1774 Fabr.
1532 1740 1568 1776 2.

171 1802 293 1836 Guelf.
318 1801 352 1834 1.
376 1800 410 1837 5.
435 1800 468 1834 6.
494 1800 553 1835 11.
578 1802 740 1834 neutram
764 1799 1057 1843 praepositionem
1083 1803 1295 1845 agnoscunt,
1329 1811 1457 1844 eosque
1483 1801 1570 1835 Cor-

170 1862 241 1897 tius
271 1865 411 1896 secutus
443 1864 507 1896 est.
555 1861 606 1895 Ae
637 1861 730 1904 quod
769 1860 831 1894 ille
863 1860 948 1894 dicit
981 1861 1094 1894 multo
1128 1860 1290 1894 usitatius
1327 1872 1402 1894 esse
1433 1861 1570 1906 aliquid

169 1924 320 1958 animo
354 1923 549 1965 habere,
582 1933 707 1955 verum
743 1921 884 1965 quidem
907 1924 959 1956 est
982 1920 1171 1965 multisque
1195 1922 1363 1966 exemplis
1384 1932 1408 1956 a
1430 1923 1568 1957 Grono-

168 1985 228 2019 vio
253 1988 287 2018 et
312 1983 581 2018 Drakenborch.
617 1983 662 2017 ad
697 1981 776 2016 Liv.
807 1983 930 2024 XLIV,
955 1983 1016 2023 25,
1041 1981 1075 2016 l.
1109 1982 1400 2026 comprobatum,
1430 1983 1491 2016 sed
1515 1986 1567 2017 ta-

167 2056 249 2080 men
283 2056 352 2078 non
388 2047 440 2078 est
471 2044 563 2088 quod
595 2055 671 2078 enm
704 2043 834 2077 falsum
866 2047 1044 2087 putemus.
1091 2043 1181 2078 Nam
1214 2043 1260 2078 ad
1290 2043 1510 2078 deliberandi
1531 2047 1567 2079 et

168 2107 312 2143 consilia
343 2105 505 2139 volvendi
543 2104 724 2139 notionem
767 2104 1040 2149 significandam
1082 2104 1188 2139 valde
1226 2107 1345 2148 aptam
1382 2115 1456 2138 esse
1488 2116 1566 2139 eum

166 2167 460 2214 praepositionem
485 2165 521 2199 in
544 2168 710 2209 promptu
732 2169 807 2207 est,
831 2164 1009 2209 similique
1032 2165 1137 2199 modo
1153 2164 1241 2199 dixit
1263 2164 1380 2200 Plaut.
1404 2163 1564 2200 Trinium.

167 2231 214 2273 II,
232 2230 268 2272 1,
285 2229 343 2262 24.
368 2227 444 2271 (34.
463 2226 516 2260 ed.
549 2225 694 2270 Herm.)
742 2226 843 2260 Haec
862 2237 928 2271 ego
955 2238 1059 2271 quom
1079 2226 1214 2272 agito
1236 2237 1331 2260 cum
1353 2236 1446 2260 meo
1469 2227 1565 2260 am·-

166 2302 234 2325 mo
268 2294 303 2325 et
333 2289 457 2323 recolo.
501 2287 555 2321 Ad
589 2287 738 2321 eandem
768 2287 973 2333 analogiam
1004 2287 1135 2322 dictum
1169 2298 1244 2322 esse
1276 2286 1371 2331 apud
1399 2286 1563 2321 Nostrum

166 2353 247 2397 lug.
280 2350 414 2392 XCIII,
444 2349 477 2384 1.
537 2348 742 2382 Trahere
783 2359 878 2381 eum
920 2349 1072 2382 animo
1112 2349 1328 2383 omitteretne
1371 2347 1561 2392 inceptum,

168 2415 262 2447 recte
283 2410 372 2445 vidit
396 2409 624 2451 Gerlachius3
647 2420 760 2453 neque
800 2409 984 2444 dissimilia
1008 2413 1087 2445 sunt
1110 2410 1218 2451 haee,
1249 2410 1330 2454 lug.
1354 2420 1385 2444 e.
1410 2410 1503 2452 xm,
1527 2409 1561 2444 5.

173 2473 322 2509 Facinus
355 2482 456 2505 saum
491 2482 585 2504 eum
619 2471 768 2504 animo
800 2475 1050 2515 reputans,
1078 2470 1141 2504 ubi
1166 2470 1239 2504 vid.
1268 2470 1511 2513 Cort.‚Lxx,
1527 2470 1562 2514 5,

169 2537 256 2570 extr.
304 2532 454 2567 Proinde
476 2535 730 2575 reputaret
761 2543 855 2565 cum
879 2532 1029 2565 animo
1052 2543 1124 2564 suo.
1149 2531 1323 2573 Lxxxv,
1339 2531 1395 2566 lo.
1442 2532 1560 2576 Repu-

170 2601 246 2632 tate
282 2582 376 2628 erim
411 2592 578 2626 animis
613 2593 747 2627 vestris.
782 2593 902 2635 CVIII,
928 2591 963 2626 3.
1014 2592 1167 2626 Multum
1197 2603 1293 2625 eum
1322 2593 1473 2626 animo
1497 2604 1560 2628 suo

167 2657 359 2692 volvere
393 2653 545 2688 solitum.
567 2652 625 2695 VI,
649 2652 686 2687 2.
733 2653 850 2687 Multa
882 2664 980 2687 cum
1012 2653 1161 2686 animo
1184 2662 1246 2686 suo
1266 2654 1560 2688 volvebat.—

168 2719 246 2754 Non
261 2720 312 2752 est
327 2719 445 2751 eutem
459 2712 647 2759 probabile
668 2723 693 2749 a
712 2714 870 2749 librariis
892 2715 1047 2749 additam
1062 2724 1136 2748 esse
1149 2712 1464 2758 praepositionem,
1489 2725 1561 2758 qua

167 2782 304 2816 tantum
329 2777 428 2813 abest
451 2779 491 2811 ut
514 2774 630 2812 oratio
662 2775 707 2811 ad
734 2776 920 2822 vulgarem
951 2773 1088 2810 dicendi
1117 2774 1262 2810 modum
1286 2777 1490 2820 revocetur,
1520 2777 1561 2811 ut
