1702 2982
219 160 279 201 46
592 159 637 203 C.
669 159 1003 205 SALLUSTI
1032 158 1251 207 CRISPI

222 274 385 335 populi
427 274 625 321 Romani
669 278 842 324 coleret
874 294 965 324 neu
1011 280 1174 339 quibus
1208 281 1364 343 largiri
1394 282 1624 330 insuesce-

222 379 315 427 ηις
350 373 607 432 periculose
644 390 672 418 a
710 377 867 436 paucis
904 377 1016 430 emi,
1060 378 1185 436 quod
1220 379 1461 424 multorum
1496 383 1624 425 osset»

222 470 273 515 Si
307 485 577 531 permanere
614 473 749 516 vellet
778 474 824 517 in
859 474 948 519 suis
981 475 1174 529 artibus,
1203 477 1322 521 ultro
1350 477 1413 521 illi
1443 484 1490 522 et
1522 478 1626 538 glo—

220 569 333 612 riam
370 574 415 613 et
441 584 634 629 regnum
660 578 921 624 venturum3
956 573 1023 616 sin
1044 575 1362 634 properantius
1393 581 1625 635 pergeret,

220 672 396 710 suamet
433 665 583 726 ipsum
613 668 810 726 pecunia
840 670 1140 730 praecipitem
1176 686 1397 718 casurum.

359 763 438 808 IX.
511 763 588 808 Sic
631 765 807 810 locutus
855 781 958 811 cum
1000 768 1155 813 litteris
1201 783 1334 824 eum,
1377 783 1493 827 quas
1530 767 1625 812 Mi„

219 938 279 980 IV,
305 937 338 972 4.
365 937 584 981 comparavit
607 937 724 972 Fiant.
749 938 863 983 Captt.
897 939 970 983 1¹1,
996 938 1032 983 4,
1057 940 1114 976 18.
1163 942 1212 978 Et
1243 942 1316 976 illio
1337 941 1424 976 istu·
1455 938 1518 987 qui
1543 952 1626 986 spa-

219 1004 320 1035 tatur
343 1000 482 1033 morbus
504 1000 681 1033 interdum
705 1002 812 1035 veni
824 1006 849 1036 t.
874 1001 946 1036 Cic.
972 1002 1008 1036 in
1034 1003 1133 1038 Vcrr.
1159 1004 1203 1045 11,
1226 1002 1284 1045 14,
1308 1001 1366 1037 35.
1416 1003 1537 1037 Huic
1565 1003 1627 1036 he-

217 1061 355 1096 reditas
379 1060 510 1095 vent‘t
541 1065 748 1095 testamento
781 1064 969 1108 propinqui
999 1064 1068 1099 sui.
1095 1062 1141 1098 cf.
1179 1063 1446 1098 Drakenborch.
1479 1062 1525 1097 ad
1549 1063 1625 1097 Liv.

216 1123 280 1166 ΙΧ,
305 1122 374 1165 12,
407 1121 443 1156 1.
469 1124 502 1155 et
538 1121 582 1155 ad
608 1122 741 1166 XLIV,
772 1123 838 1165 17,
864 1125 897 1158 7.
927 1124 1099 1159 Schesscr.
1125 1125 1162 1159 in
1187 1125 1271 1159 Lex.
1307 1124 1414 1169 ampl.
1442 1136 1477 1168 p.
1497 1123 1626 1165 12125,

217 1195 270 1227 sq.
299 1201 345 1209 —
376 1182 447 1216 Pro
480 1188 664 1217 venturum
687 1209 698 1225 ‚
742 1184 834 1228 quod
880 1197 999 1219 omnes
1042 1186 1142 1220 codd.
1187 1189 1304 1221 teuent
1322 1211 1332 1228 ,
1376 1186 1538 1220 Perizon.
1581 1185 1626 1219 ad

217 1244 338 1279 Sanct.
364 1242 451 1277 Min.
474 1243 534 1285 IV,
556 1244 612 1278 10.
636 1244 679 1279 Τ.
704 1244 748 1279 11.
775 1257 807 1289 p.
828 1245 910 1281 371.
936 1247 990 1281 ed.
1017 1246 1109 1280 Bau.
1133 1246 1282 1281 coniecit
1304 1246 1526 1281 scribendum
1551 1256 1626 1280 ceso

218 1312 388 1349 ventura,
413 1303 520 1339 huius
543 1306 738 1350 scripturae
762 1306 954 1351 vestigium
979 1307 1149 1351 reperisse
1172 1307 1241 1341 sibi
1273 1307 1370 1341 visus
1392 1307 1430 1341 in
1453 1307 1529 1341 cod.
1551 1307 1625 1340 Da-

216 1366 428 1411 ventriensi,
461 1366 498 1400 in
532 1378 604 1410 quo
627 1373 813 1402 venturam
848 1371 1029 1402 exaratum
1054 1372 1115 1402 est.
1166 1368 1236 1402 Scd
1261 1369 1410 1414 vulgata
1433 1379 1502 1402 non
1525 1367 1624 1402 solii-

217 1429 378 1470 citanda3
411 1438 444 1462 v.
469 1427 514 1461 ad
538 1427 642 1461 Catil.
667 1429 720 1469 X,
745 1427 779 1461 2.
804 1439 837 1471 p.
864 1427 922 1461 52.
949 1447 995 1453 —-
1018 1429 1098 1471 Illi,
1124 1440 1194 1473 qno
1217 1429 1423 1472 pronomine
1444 1428 1625 1474 significa-

216 1495 276 1527 tur
290 1490 339 1533 is,
364 1489 410 1524 ad
437 1500 542 1533 quem
559 1488 727 1534 dirigitur
747 1488 842 1531 cius,
866 1501 970 1533 quem
994 1491 1192 1534 loquentem
1217 1489 1351 1524 inducit
1373 1494 1519 1532 auctor,
1545 1499 1626 1523 ora—

216 1552 287 1595 tio,
311 1549 516 1585 insolentius
547 1549 679 1584 dictum
711 1555 764 1584 cst
786 1560 850 1593 pro
875 1550 930 1592 ei,
964 1555 1003 1584 ut
1026 1550 1121 1585 infra
1142 1562 1174 1586 c.
1199 1551 1290 1594 CXI,
1314 1550 1348 1584 1.
1373 1561 1476 1596 quem
1496 1550 1530 1584 εἰ
1551 1549 1626 1584 Ro-

216 1614 334 1650 manis
364 1612 570 1647 tradidisset
605 1611 674 1654 (ita
705 1610 812 1646 Sulla
844 1610 928 1645 dicit
959 1611 1123 1656 Boccho)
1147 1613 1229 1656 sore
1251 1611 1307 1646 uti
1334 1611 1417 1645 illi
1441 1609 1625 1655 (Boccho)

213 1675 406 1722 plurimum
431 1672 626 1706 deberetur.
659 1682 689 1704 c.
715 1672 846 1714 LXIV,
871 1672 905 1707 2.
954 1673 1040 1707 Eius
1063 1672 1117 1707 rei
1139 1683 1264 1707 caussa
1288 1672 1325 1707 in
1349 1682 1393 1706 oo
1417 1670 1504 1712 sita,
1531 1669 1625 1714 quod

216 1739 339 1771 auctor
365 1744 467 1767 suam
490 1732 602 1777 ipsius
624 1743 810 1776 personam
832 1732 870 1766 in
893 1733 988 1775 eius,
1013 1745 1118 1777 quem
1142 1734 1340 1777 loquentem
1364 1731 1473 1774 facit,
1507 1731 1624 1764 locum

215 1797 417 1838 substituit3
451 1806 473 1830 a
497 1805 568 1838 qua
591 1793 811 1839 negligentia
842 1797 882 1828 ut
904 1794 942 1829 h.
967 1794 992 1828 1.
1016 1793 1234 1838 pronominis
1257 1792 1409 1827 mutatio
1430 1791 1623 1836 proficisci-

216 1863 297 1901 tur,
329 1858 380 1893 ita
412 1856 535 1891 eadem
564 1855 645 1889 aliis
675 1854 765 1888 locis
793 1854 891 1889 modi
922 1854 1139 1889 subiunctivi
1172 1854 1210 1888 in
1240 1853 1478 1889 indicativum
1496 1853 1624 1889 mutati

217 1931 343 1955 caussa
372 1921 434 1953 est.
464 1917 511 1951 cf.
535 1916 580 1950 ad
605 1927 637 1950 c.
661 1915 795 1959 LXIII,
820 1916 854 1950 1.
879 1919 916 1950 ct
945 1916 990 1950 ad
1015 1915 1120 1950 catil.
1154 1914 1248 1958 xw,
1269 1914 1304 1950 7.
1329 1926 1366 1960 p.
1390 1915 1440 1950 ‘13
1455 1927 1506 1959 oq.
1552 1914 1624 1950 Ne·-

215 1992 285 2027 que
308 1979 466 2014 alienum
496 1977 607 2012 fuerit
629 1976 837 2021 contulisse,
871 1987 964 2021 quae
987 1978 1031 2011 de
1057 1979 1209 2021 cognato
1233 1976 1294 2010 ille
1316 1975 1534 2020 pronominis
1557 1986 1622 2009 usu

214 2041 462 2078 annotavimus
486 2039 531 2073 ad
555 2050 585 2074 c.
609 2038 700 2082 LVI,
724 2036 818 2072 4.-
839 2038 902 2072 Sin
930 2038 1178 2082 properantius
1199 2041 1366 2083 pergeret
1388 2047 1459 2071 non
1486 2039 1559 2079 cst,
1582 2038 1623 2070 ut

215 2101 428 2138 Gerlachius
448 2100 705 2143 interpretatur,
729 2097 760 2132 si
776 2097 925 2133 consilia
939 2098 1042 2132 nimis
1057 2101 1266 2140 maturaret,
1288 2097 1350 2132 sed
1367 2096 1502 2142 potius:
1525 2095 1557 2130 si
1567 2096 1623 2130 in-

215 2163 404 2199 consultius
422 2161 467 2196 ad
489 2160 548 2202 id,
573 2160 665 2204 quod
683 2159 810 2201 venet,
835 2159 1068 2194 contenderet.
1085 2178 1132 2185 —
1148 2159 1293 2194 Suamet
1316 2158 1428 2203 ipsam
1449 2157 1621 2202 pecunia,

214 2237 306 2273 quae
328 2227 504 2259 structura
522 2221 647 2255 multis
669 2219 826 2255 librariis
849 2220 1080 2255 offensionem
1094 2219 1270 2265 praebuit,
1294 2217 1439 2263 optimi·
1454 2219 1621 2252 munu-

214 2292 275 2324 tnr
297 2285 397 2321 codd.
422 2282 545 2319 Guen.
569 2280 603 2316 5.
627 2280 709 2315 Seu.
733 2281 766 2315 1.
791 2280 889 2315 Laid.
905 2282 946 2316 L.
965 2280 1093 2316 Nazar.
1116 2281 1221 2316 Fabr.
1239 2281 1272 2315 1.
1284 2281 1367 2315 Bas.
1386 2279 1420 2315 l.
1435 2277 1623 2322 multisque

216 2347 320 2390 αΙίῐες
343 2357 422 2381 eam
444 2342 700 2378 vindicavimus
722 2342 768 2376 ad
791 2341 867 2376 Cat.
892 2343 1023 2385 xxm,
1045 2343 1080 2379 2.
1111 2355 1147 2388 p.
1168 2341 1241 2377 112
1253 2353 1304 2386 sq.
1329 2341 1376 2377 cf.
1403 2340 1557 2374 Gronov.
1577 2339 1622 2374 ad

215 2409 293 2445 Iaiv.
318 2408 364 2451 11,
384 2406 445 2448 29,
470 2404 506 2440 5.
529 2402 591 2438 ubi
623 2402 844 2438 scribendum
868 2404 1010 2439 meismet
1034 2404 1103 2448 ipsi
1123 2403 1331 2449 corporibus.
1355 2401 1442 2436 ibid.
1458 2400 1505 2443 n,
1526 2399 1563 2440 9.
1583 2398 1619 2435 ⁵.

216 2469 336 2506 Tacit.
353 2466 513 2508 Aumln,
532 2465 591 2507 66,
613 2467 699 2500 extr.
718 2464 869 2499 Historr.
890 2465 950 2506 ΠΙ,
970 2465 1027 2508 16,
1049 2468 1136 2499 extr.
1185 2463 1295 2498 Plura
1307 2462 1453 2497 contulit
1463 2461 1622 2496 Gahblor

217 2531 255 2566 in
278 2528 396 2566 Iahnii
411 2527 550 2563 Annali.
574 2525 708 2560 Philol.
727 2529 762 2559 ct
774 2526 931 2572 Paedag.
949 2536 982 2560 a.
1002 2524 1108 2561 1829.
1130 2525 1208 2559 Vol.
1219 2525 1265 2558 n.
1288 2524 1389 2558 Fasc.
1409 2524 1466 2559 lv.
1490 2534 1523 2567 p.
1538 2521 1619 2556 389.

311 2591 374 2626 lx.
422 2589 456 2625 1.
490 2587 527 2623 Ξ.
581 2597 660 2621 cum
696 2586 823 2622 litteris
853 2587 948 2632 eum]
973 2587 1078 2629 Eum,
1101 2586 1194 2630 quod
1215 2585 1251 2619 in
1270 2585 1390 2620 Guelt.
1405 2583 1438 2619 5·
1460 2588 1495 2618 ct
1510 2583 1619 2618 Fabr.

219 2654 257 2688 2.
274 2653 393 2694 decet,
410 2653 445 2685 et
467 2649 503 2684 in
520 2647 600 2682 Vin.
624 2647 660 2682 Ζ.
680 2646 807 2681 Frauc.
835 2648 957 2682 Guelf.
977 2647 1034 2681 11.
1051 2648 1149 2681 Vrat.
1170 2647 1204 2681 2.
1229 2647 1348 2680 locum
1372 2648 1484 2679 mutat
1498 2670 1509 2686 ‚
1532 2644 1619 2678 eor-

220 2715 292 2749 tius
309 2724 351 2748 eo
370 2709 512 2746 delevit.
546 2708 758 2744 Gerlachius
774 2708 810 2742 in
827 2712 922 2743 textu
943 2708 997 2742 cd.
1019 2707 1163 2743 maioris
1178 2706 1334 2748 retinnit,
1356 2705 1391 2740 in
1411 2706 1618 2739 Gommeutt.

221 2785 306 2809 vcro
330 2785 363 2818 p.
386 2771 481 2814 225„
501 2770 642 2816 cognito
667 2769 775 2805 ctiam
791 2770 836 2804 ab
856 2770 941 2804 Ven.
958 2769 994 2804 3.
1018 2768 1054 2803 id
1074 2769 1215 2811 abesse,
1239 2767 1347 2802 huius
1363 2767 1440 2801 cod.
1464 2765 1620 2801 auctori-
