1716 2996
249 192 336 235 :358
624 190 670 234 C.
701 147 1029 235 SALLUS9171
1057 189 1277 234 GRISPI

250 307 427 351 servitia
473 308 784 352 Romanorum
820 308 1021 363 allicere,
1067 314 1114 353 et
1157 323 1235 353 eos
1272 307 1420 368 ipsos,
1473 310 1549 369 qui
1591 310 1636 355 in

250 404 484 464 praesidiis
529 409 678 461 erant,
720 405 914 466 pecunia
955 410 1154 459 tentare3
1190 419 1373 465 prorsus
1418 405 1528 451 nihil
1566 408 1636 451 in-

212 478 418 548 2tactum
452 516 602 560 neque
647 502 847 561 quietum
887 503 1006 563 pati,
1053 507 1214 547 cuncta
1247 502 1432 563 agitare.
1499 503 1640 564 Igitur

251 597 509 658 Vagenses,
556 613 648 657 quo
682 598 895 644 Metellus
929 599 1078 657 initio,
1112 597 1330 659 Iugurtha
1361 599 1638 659 pacificante,

252 694 528 756 praesidium
560 695 838 756 imposuerat
855 727 870 752 ,
905 696 1079 758 fatigati
1113 697 1235 757 regis
1271 695 1523 756 suppliciis,
1558 713 1640 742 ne-
1679 684 1681 689 Α

251 845 288 880 2.
311 847 365 879 est
387 848 525 890 atquc
557 844 631 879 alia
656 857 769 891 quoe5
789 846 826 881 in
849 847 934 881 Ven.
959 845 994 881 3.
1019 850 1063 881 ct
1087 847 1134 882 al.
1157 857 1260 892 quae.
1306 845 1360 880 De
1382 845 1517 880 ratione
1538 846 1645 897 huius

252 905 387 950 ellipsis
417 916 454 939 V.
478 908 598 940 notata
629 907 674 940 ad
700 908 775 943 Cat.
799 908 883 950 XV,
908 907 942 942 1.
972 920 1007 952 p.
1029 905 1088 944 ⁷5.
1109 926 1158 933 —
1191 907 1306 942 Verba
1329 912 1363 941 et
1390 918 1446 941 eos
1468 908 1559 952 ipsos
1580 919 1645 942 va-

252 966 326 1001 lent
359 966 402 1001 ad
439 966 697 1011 oppositionem
733 969 824 1005 inter
854 969 999 1004 servitia
1031 972 1067 1004 et
1097 968 1223 1003 milites
1254 968 1451 1013 Romanos,
1490 979 1572 1003 nam
1602 969 1644 1003 hi

253 1025 499 1072 significantur
522 1028 638 1063 verbis
665 1030 725 1074 qui
747 1031 784 1064 in
805 1041 921 1075 praes.
947 1034 1072 1072 erant,
1097 1027 1212 1073 magis
1235 1027 1458 1063 efferendam.
1482 1048 1527 1054 —-
1554 1029 1645 1063 Ten-

254 1092 332 1123 tare
356 1088 451 1132 expl.
473 1088 518 1122 ad
542 1099 572 1122 c.
593 1090 730 1132 XLVII,
754 1091 788 1124 2.
813 1110 859 1117 —
886 1091 987 1126 Nihil
1010 1091 1179 1124 intactum
1200 1099 1310 1133 neque
1334 1089 1523 1133 quietum
1541 1091 1646 1135 pati

253 1148 387 1183 dictum
410 1151 464 1183 est
488 1152 528 1184 ut
551 1161 580 1183 c.
608 1151 840 1194 Lxxxwll,
864 1152 900 1186 2.
924 1162 925 1165 ¹
950 1151 1053 1186 Nihil
1083 1151 1180 1195 apud
1202 1161 1239 1185 se
1270 1150 1499 1184 remissum
1528 1151 1645 1195 pati,

254 1212 290 1244 et
315 1221 347 1244 c.
371 1209 460 1251 Lm,
494 1209 529 1245 6.
575 1210 629 1244 Ad
653 1215 810 1246 nostrum
832 1214 950 1247 locum
975 1211 1127 1256 respexit
1150 1210 1337 1245 Ruhnken.
1361 1211 1405 1245 ad
1429 1211 1518 1246 Vell.
1540 1212 1585 1256 11,
1608 1212 1645 1256 6,

254 1269 291 1307 ὃ.
323 1270 360 1304 G.
387 1271 564 1304 Gracchus
587 1271 675 1304 nihil
696 1272 897 1316 immotum,
933 1274 1023 1307 nihil
1042 1272 1292 1316 tranquillum,
1327 1271 1416 1306 nihil
1439 1273 1647 1317 quietum

255 1331 402 1377 denique
424 1332 463 1366 in
486 1331 606 1366 eodem
629 1336 726 1367 statu
758 1333 1078 1378 relinquebat.
1126 1331 1336 1367 Sallustium
1359 1331 1466 1366 etiam
1489 1331 1648 1369 imitatus

254 1395 308 1427 est
329 1391 481 1427 Tacitus
511 1391 549 1425 iu
572 1391 692 1436 Agric.
722 1404 753 1427 c.
785 1393 844 1427 20.
894 1393 996 1427 Nihil
1026 1393 1122 1437 apud
1154 1394 1269 1428 hostes
1300 1393 1503 1437 quietum
1530 1394 1647 1439 pati,

255 1453 350 1499 quod
384 1453 474 1487 bene
502 1453 639 1486 notavit
670 1453 865 1487 Walchius.
911 1453 1030 1488 Etiam
1061 1452 1187 1490 Liviusv
1213 1453 1267 1488 ita
1288 1453 1395 1496 dixit,
1427 1453 1531 1497 XXI,
1554 1454 1588 1497 ⁸1,
1612 1454 1648 1490 8.
1706 1489 1710 1493 ,

258 1513 450 1560 Saguntini
472 1513 671 1548 submovere
695 1513 846 1558 hostem,
877 1524 940 1548 nec
970 1514 1155 1560 quicquam
1183 1513 1273 1548 satis
1295 1518 1442 1549 tutum
1463 1516 1649 1552 mmaienti-

257 1576 319 1611 bus
338 1575 458 1621 pati.

349 1637 384 1678 §-
409 1634 444 1669 2.
498 1634 700 1680 Vagenses,
727 1635 819 1680 quo]
850 1635 987 1671 Nomen
1018 1646 1080 1681 per
1111 1645 1140 1682 g
1169 1633 1326 1670 litteram
1355 1637 1448 1669 recte
1479 1635 1651 1680 scriptum

258 1699 311 1732 est
333 1695 370 1730 in
403 1696 531 1731 Nazar.
561 1699 597 1730 et
622 1695 735 1730 Paris.
759 1707 792 1731 z.
826 1697 872 1731 cf.
899 1698 944 1732 ad
976 1709 1006 1732 c.
1031 1698 1172 1740 XXIX,
1205 1696 1240 1733 3.
1287 1697 1402 1739 Prope
1431 1696 1649 1746 accedunt-ii

258 1756 361 1800 libri,
386 1756 424 1791 in
447 1756 576 1801 quibus
596 1759 649 1791 est
681 1757 868 1800 Vacenses,
892 1762 932 1793 ut
954 1758 1127 1793 Commel.
1149 1756 1262 1792 Paris.
1285 1767 1319 1790 x.
1338 1755 1448 1791 Aeac.
1473 1757 1590 1794 Guelf.
1613 1757 1648 1793 6.

259 1817 318 1853 10.
345 1837 389 1843 -
418 1818 493 1861 Quo
516 1816 678 1860 Cottius,
702 1818 911 1853 Gerlachius
934 1819 1009 1854 vol.
1032 1819 1077 1853 11.
1101 1830 1135 1863 p.
1153 1817 1235 1852 3⁰7.
1259 1819 1294 1851 et
1316 1816 1396 1850 Vol.
1421 1817 1482 1852 111.
1509 1830 1544 1862 p.
1567 1817 1649 1855 325.

259 1882 295 1914 et
314 1878 378 1913 alii
401 1877 451 1914 ita
473 1877 696 1924 intelligunt,
720 1882 760 1914 ut
782 1879 899 1914 dicant
921 1890 985 1924 per
1010 1878 1151 1925 synesin
1173 1877 1298 1912 referri
1323 1876 1367 1912 aa
1390 1878 1566 1912 notionem
1589 1890 1651 1924 op—

257 1939 354 1985 pidi,
389 1949 410 1972 e
441 1949 528 1973 voce
568 1939 748 1985 Vagenses
778 1939 999 1975 eliciendam.
1047 1940 1150 1984 Quae
1181 1941 1379 1973 structurae
1410 1937 1503 1972 ratio
1526 1950 1650 1982 quam-

258 2010 368 2044 quam
391 1999 513 2034 multis
537 2001 651 2035 modis
676 2001 940 2045 frequentatur,
971 2010 1006 2035 v·
1030 2004 1153 2035 notata
1175 1999 1219 2034 ad
1244 1998 1348 2034 Catil.
1371 2010 1404 2032 c.
1426 2000 1592 2042 XXXIX,
1615 2000 1650 2035 3.

259 2064 295 2096 et
317 2061 363 2096 ad
387 2061 464 2107 lug.
490 2062 576 2104 XV,
601 2061 622 2095 l
638 2087 649 2104 ‚
674 2066 792 2097 tamen
821 2063 866 2096 ab
897 2062 934 2096 h.
958 2062 983 2096 l.
1009 2064 1196 2106 propterea
1220 2058 1337 2094 aliena
1367 2059 1526 2103 videtur,
1557 2061 1651 2106 quod

259 2132 387 2156 vocum
410 2121 522 2156 nimia
545 2122 706 2157 vicinitas
728 2122 863 2157 nullam
885 2121 1068 2157 notionum
1091 2124 1371 2166 permutatur-um
1394 2121 1653 2157 excusationem

260 2182 381 2217 habet.
428 2183 548 2227 Quare
579 2195 645 2229 quo
668 2194 849 2219 censemus
875 2194 945 2217 uon
974 2182 1052 2216 veri
1071 2182 1286 2228 pronominis
1312 2181 1472 2225 relativi,
1501 2183 1562 2217 sed
1585 2183 1651 2218 aa·
1705 2227 1709 2231 ⁵

260 2244 371 2278 verbis·
391 2247 559 2288 potestate
582 2244 734 2289 positum
757 2256 853 2289 esse,
879 2243 931 2278 ita
953 2247 1089 2278 mutata
1113 2243 1293 2289 cogitandi
1314 2243 1462 2286 ratione,
1485 2246 1525 2279 ut
1546 2244 1584 2278 iu
1597 2244 1652 2278 lo-

261 2315 344 2340 cum
375 2305 541 2349 definitae
564 2305 747 2340 relationis
771 2305 950 2351 generalis
975 2304 1226 2347 substituatur,
1249 2315 1292 2339 ex
1307 2314 1377 2349 quo
1395 2315 1506 2346 more,
1529 2315 1653 2348 quam-

261 2376 371 2410 quam
404 2366 563 2410 paullum
592 2366 751 2401 diversae
781 2367 834 2401 rei
865 2366 1153 2409 accommodato,
1195 2364 1303 2399 etiam
1334 2364 1560 2409 explicandus
1601 2368 1654 2400 est

262 2425 361 2461 locus
384 2437 413 2459 c.
438 2426 520 2468 cn,
544 2426 602 2462 1⁰.
650 2427 768 2462 Multa
800 2431 906 2472 atque
939 2431 1134 2471 opportuna
1163 2425 1290 2466 habes,
1322 2435 1403 2469 quo
1426 2425 1576 2468 facilius
1598 2437 1653 2459 er-

263 2491 346 2522 ruta
369 2487 492 2530 officiis
514 2498 665 2531 superes.
713 2487 754 2522 Ia
777 2488 979 2522 uuiversum
1002 2487 1097 2521 hunc
1121 2485 1378 2536 tulv'crhiomm⁶
1390 2480 1456 2519 loci
1477 2496 1578 2519 usum
1601 2488 1655 2520 te-

263 2547 411 2593 tigimus
433 2547 479 2581 ad
506 2546 613 2581 Catil.
639 2548 690 2590 V,
714 2548 749 2583 2.
775 2560 811 2593 p.
834 2547 881 2582 27
898 2558 970 2591 sq.;
995 2546 1067 2581 iam
1091 2546 1261 2581 nonnulla
1283 2556 1350 2590 quo
1373 2545 1571 2590 particulae
1593 2557 1656 2595 ex-

264 2607 383 2653 ampla
413 2606 638 2642 ascribamus.
663 2609 742 2654 lug.
773 2609 871 2652 cm,
902 2609 936 2642 1.
984 2608 1120 2643 Marius
1151 2606 1379 2651 proficiscitur
1407 2606 1445 2640 in
1469 2607 1544 2641 loca
1566 2609 1653 2649 sola,

263 2654 434 2703 obsessuriz
464 2668 627 2702 turrim
657 2669 797 2714 regiam
812 2694 824 2711 ,
855 2680 938 2714 quo
970 2668 1146 2713 Iugurtha
1176 2669 1350 2713 perfugas
1382 2668 1493 2701 omnis
1519 2667 1656 2712 praest-³

265 2730 362 2764 dium
385 2730 615 2774 imposuerat,
645 2729 705 2773 qui
730 2729 827 2763 locus
851 2729 895 2762 ad
922 2728 1091 2764 amussim
1121 2732 1241 2762 nostro
1271 2728 1481 2772 respondeus
1503 2727 1655 2762 clarissi-

264 2800 323 2825 me
344 2788 515 2840 ostendit,
539 2800 605 2834 quo
629 2799 698 2823 non
722 2789 765 2823 ad
790 2791 923 2823 certum
945 2787 1088 2833 aliquod
1112 2789 1321 2823 vocabulum
1335 2815 1344 2830 ‚
1366 2799 1452 2824 voce
1474 2789 1581 2824 turris
1598 2787 1656 2823 iu-
