1716 2996
280 119 337 181 ¹⁰.
893 111 1071 159 mnmx

281 229 508 269 Aumatium
530 225 659 263 obiecti
679 237 700 262 e
721 236 814 263 nexu
835 225 1085 267 sententiam
1105 224 1328 304 snpplendun,
1349 226 1379 264 1.
1401 225 1459 270 46,
1481 226 1516 263 7.
1560 227 1619 272 49,
1628 228 1662 266 4.

370 288 430 331 61,
451 287 487 323 4.
533 286 592 330 71,
615 285 650 320 2.

279 346 506 383 Αοσιιεαιίυυε
527 355 570 378 ex
592 341 710 377 verbis
731 341 877 377 timendi
900 345 935 377 et
956 341 1110 377 laetandi
1133 344 1260 387 aptus,
1281 341 1322 376 C.
1345 340 1416 383 31,
1438 340 1474 381 3.
1519 342 1580 385 51,
1601 342 1659 377 29.

277 405 505 442 Accusativns
530 412 612 436 cum
627 400 743 434 verbis
763 400 991 436 intransitivis
1007 399 1222 442 coniunctus,
1244 399 1286 435 C.
1307 398 1367 440 20,
1389 387 1462 433 lls
1491 399 1520 434 1.
1541 399 1601 443 79,
1622 399 1657 434 5.

277 463 503 501 Accusativus
525 470 607 494 cum
634 459 672 494 in
698 469 857 503 praepos.
885 458 1022 494 iunctus
1052 461 1184 494 temere
1212 467 1236 492 a
1266 455 1398 492 criticis
1419 456 1574 492 ablativo
1599 467 1660 492 aee

254 544 264 554 .
367 523 506 565 quamn,
530 517 571 553 Ο.
593 516 653 559 11,
671 515 708 552 5.
752 517 780 554 1.
801 515 838 558 5,
859 515 894 552 4.

275 578 504 616 Accusativus
525 574 657 621 pariter
678 577 784 618 atque
805 574 979 609 ablativus
1000 583 1043 608 ex
1064 573 1102 608 in
1132 570 1386 618 praepositione
1406 571 1575 617 pendens,
1588 577 1591 579 '
1605 569 1660 605 di-

368 645 508 670 versam
530 632 605 668 vim
626 633 747 677 habet,
770 633 797 670 Ι.
820 632 879 677 17,
902 631 936 665 3.

273 693 502 732 Accusativus
531 703 575 726 ex
606 690 794 737 participio
823 690 974 737 pendens
1005 689 1113 726 etiam
1143 687 1340 735 genitivum
1359 690 1523 734 regente,
1557 696 1659 722 sensu

361 751 492 794 differt,
516 750 556 785 C.
580 748 616 792 5,
638 748 675 783 3.

273 809 502 847 Aumatium
522 807 560 842 in
583 805 845 851 comparatione
869 805 1052 840 modulum
1078 803 1220 848 indicat,
1246 815 1316 849 quo
1337 814 1410 841 uua
1429 814 1487 838 res
1507 801 1658 838 alteram

257 915 260 917 Ι
364 868 517 911 superat,
541 865 579 901 C.
603 864 639 907 8,
662 864 697 900 2.
741 865 771 899 1.
793 862 852 905 85,
877 862 934 898 22.

272 925 500 963 Αοοωαιίυιιε
519 921 733 968 oppositioni
754 920 881 956 similis
902 920 1088 956 consilium
1110 920 1284 965 designat,
1306 920 1337 956 1.
1357 919 1439 961 103,
1461 918 1496 953 1.

271 984 499 1021 Accu-eatinus
520 992 597 1016 cum
618 980 789 1025 infinitivo
821 978 972 1022 pendens
1004 989 1048 1012 ex
1079 978 1270 1023 supplendo
1300 977 1507 1013 declarandi
1534 975 1656 1018 verbo,

366 1042 404 1075 G.
427 1039 496 1083 21,
519 1037 554 1073 3.
602 1038 668 1082 40,
692 1038 726 1073 3.
771 1037 800 1074 1.
831 1035 874 1079 8,
904 1035 940 1070 1.
984 1035 1051 1082 14,
1079 1035 1138 1071 20.
1183 1034 1250 1080 17,
1273 1033 1310 1071 3.
1355 1033 1424 1077 38,
1447 1034 1482 1069 2.
1527 1033 1653 1077 82,3.

360 1098 443 1141 106,
465 1097 499 1132 1.
546 1095 629 1138 109,
651 1094 686 1131 3.

273 1156 498 1194 Ασαιεαῐίυιιε
521 1165 551 1189 ο.
573 1155 672 1199 infin.
696 1165 740 1188 ex
760 1152 909 1188 relativo
924 1151 1087 1197 pendens,
1109 1152 1139 1188 1.
1161 1150 1221 1194 54,
1241 1151 1279 1188 4.

267 1213 495 1251 Accusativus
517 1223 547 1245 ο.
569 1212 668 1254 infin.
692 1222 734 1245 ex
756 1212 887 1246 seilicet
908 1211 1072 1255 pendens,
1092 1210 1123 1245 1.
1146 1210 1228 1253 102,
1251 1210 1286 1246 9.

266 1270 495 1309 Aumatium
521 1280 551 1303 c.
585 1269 684 1313 infin.
715 1268 853 1312 quando
880 1268 1036 1302 subiet-xo
1063 1268 1280 1311 pronominis
1311 1265 1504 1312 personalia
1533 1275 1655 1300 carere

359 1327 491 1374 possit,
532 1326 573 1362 G.
598 1325 666 1370 31,
697 1325 733 1361 7.
779 1324 846 1370 40,
877 1324 912 1360 3.
956 1324 1022 1367 56,
1052 1324 1087 1359 3.
1132 1326 1162 1362 Ι.
1196 1324 1263 1368 14,
1294 1324 1331 1359 3.
1373 1323 1433 1367 15,
1456 1324 1490 1359 1.
1535 1324 1595 1367 76,
1618 1325 1653 1360 1.

266 1384 500 1483 Accufftz’ivuz·
516 1454 546 1480 c.
567 1441 666 1487 infin.
698 1439 940 1485 praedicatum
971 1439 1139 1482 offertur,
1178 1438 1241 1477 ubi
1267 1438 1464 1476 subiectum
1487 1439 1653 1486 generale

359 1500 528 1538 omissum
551 1503 615 1543 est,
641 1498 669 1533 1.
692 1497 751 1542 85,
772 1497 833 1533 35.

266 1563 356 1597 Acer
378 1560 422 1594 de
443 1557 647 1593 hominibus
669 1556 815 1599 dictum,
838 1555 868 1591 1.
890 1554 949 1598 20,
969 1554 1006 1590 2.

264 1619 415 1654 Acer-bus
436 1619 472 1652 et
495 1626 598 1661 asper
620 1613 795 1658 quomodo
817 1623 919 1648 senen
941 1612 1118 1656 differant,
1139 1611 1170 1649 1.
1195 1611 1254 1657 41,
1276 1611 1313 1648 4.

266 1677 368 1712 Actio
391 1674 427 1709 ἰιι
450 1672 592 1708 iudiciis
614 1671 712 1717 quid,
736 1672 764 1705 1.
788 1670 846 1714 35,
868 1670 904 1705 9.

265 1734 425 1769 Antinum
448 1734 484 1766 et
504 1730 680 1777 passivum
709 1728 817 1765 simul
853 1740 897 1764 ex
924 1728 1049 1764 eodem
1076 1727 1236 1764 subiecto
1257 1730 1400 1772 aptum,
1430 1727 1470 1764 G.
1493 1726 1561 1772 51,
1589 1728 1648 1764 43.

263 1787 530 1884 Actia-:gigo
550 1843 688 1890 passivo
711 1843 906 1887 confusum,
926 1843 957 1879 Ι.
980 1842 1063 1886 114,
1085 1842 1122 1881 2.

262 1908 389 1942 Λοείυο
413 1904 527 1940 critici
552 1908 683 1939 temere
704 1901 882 1946 passivam
905 1902 980 1937 vim
1002 1900 1218 1944 tribuerunt,
1255 1901 1294 1937 C.
1317 1899 1376 1945 59,
1397 1901 1434 1938 1.
1476 1902 1505 1939 1.
1527 1900 1586 1944 79,
1609 1901 1647 1938 6.

261 1967 371 2001 Actor
392 1967 428 1999 et
451 1968 574 1999 auctor
595 1961 750 2002 confusa,
775 1960 813 1994 C.
837 1959 873 2002 8,
896 1959 932 1993 2.

259 2023 317 2057 Ad
340 2022 377 2056 in
400 2020 517 2056 verbis
538 2018 740 2065 compositis
761 2021 841 2053 ante
863 2029 880 2053 s
907 2029 988 2052 cum
1010 2015 1083 2053 alia
1102 2016 1224 2053 littera
1246 2018 1272 2053 d
1293 2015 1437 2060 abucii,
1464 2016 1504 2051 G.
1526 2015 1584 2059 4⁴1,
1607 2017 1643 2053 1.

260 2081 318 2115 Ad
341 2083 377 2115 et
399 2081 442 2114 ab
465 2079 622 2120 confuso,
645 2077 673 2112 1.
706 2076 741 2119 8,
764 2075 800 2110 2.

259 2138 320 2173 Aa
343 2137 485 2172 urbium
506 2135 707 2172 nominibus
728 2133 899 2176 additum,
926 2134 954 2168 1.
978 2132 1093 2175 57,1.

259 2196 318 2232 Ad
340 2195 499 2231 ordinem
520 2194 719 2240 significat,
749 2203 820 2237 quo
842 2191 992 2227 secunda
1015 2190 1136 2235 aliqua
1155 2201 1213 2227 res
1233 2190 1363 2269 exeipit
1383 2190 1644 2236 praecedentem

350 2251 520 2297 priorem,
541 2252 569 2286 Ι
594 2250 653 2294 19,
675 2249 710 2285 3.

259 2309 319 2345 Aa
340 2308 566 2354 comparandi
587 2310 793 2353 potestatem
815 2305 936 2350 habet,
956 2304 1067 2349 1.19‚
1093 2303 1130 2344 8.

259 2367 316 2401 Ad
337 2365 363 2400 i.
387 2378 421 2410 q.
449 2367 546 2411 apud
569 2367 628 2401 vel
650 2367 699 2408 in,
722 2366 750 2400 Ι.
774 2365 832 2408 67,
855 2364 890 2399 1.

258 2425 318 2460 Aa
338 2435 420 2459 cum
444 2435 562 2459 versus
583 2423 819 2464 coniunctum,
842 2422 880 2456 G.
906 2419 965 2463 56,
988 2419 1024 2455 4.
1068 2420 1098 2455 1.
1121 2421 1181 2465 69,
1203 2422 1239 2457 1.

259 2481 318 2517 Ad
341 2481 508 2516 omissum
531 2481 568 2516 in
590 2481 746 2516 formula
769 2480 916 2525 adigere
937 2479 1197 2522 iusiurandum,
1219 2480 1259 2514 G.
1282 2479 1341 2521 22,
1363 2478 1398 2514 1.

260 2539 318 2573 Ad
340 2538 405 2573 Ιιοο
426 2549 496 2583 qua
518 2538 654 2572 rationo
676 2537 862 2573 sententias
883 2540 1011 2578 nectat,
1034 2537 1073 2571 C.
1097 2536 1156 2578 31,
1177 2535 1215 2570 8.
1258 2535 1316 2579 53,
1337 2535 1374 2574 3.

259 2596 320 2631 Ad
341 2607 405 2639 me,
427 2595 516 2631 nihil
538 2595 587 2629 ad
610 2606 675 2637 me,
698 2594 854 2639 elliptice
876 2594 1021 2636 «lictum,
1043 2595 1070 2632 1.
1094 2593 1154 2638 24,
1176 2594 1211 2630 6.

260 2654 319 2688 Aa
341 2658 475 2699 tempus
497 2651 634 2688 dicendi
655 2653 823 2694 formula,
846 2652 873 2687 Ι.
895 2651 1015 2695 70,““3.

261 2710 319 2746 Ad
340 2711 457 2747 urbem
479 2722 551 2748 esne
575 2710 715 2757 expuo,
739 2710 779 2748 G.
799 2709 857 2752 30,
879 2708 915 2750 4.
