1716 2996
195 164 282 206 328
441 182 444 186 ·
569 159 614 203 G.
645 157 968 209 SALLUSTI
997 157 1220 202 CRISPI

165 288 190 326 3
205 278 328 334 diae,
360 275 591 321 hiemandi
625 274 771 336 gratia
805 274 1010 321 collocat.
1044 275 1207 335 Neque
1230 274 1290 338 *id
1321 281 1499 338 tempus
1534 244 1593 322 eu

199 375 388 420 aliorum
424 389 552 418 more
587 372 724 432 quieti
754 377 830 416 aut
858 371 1060 417 luxuriae
1088 372 1310 430 concedit,
1345 373 1425 421 sed
1449 389 1594 433 quon-

199 474 290 518 iam
332 471 464 516 armis
509 470 681 516 bellum
715 484 879 530 parum
926 469 1228 530 procedebat,
1275 469 1456 516 insidias
1496 471 1597 532 regi

201 585 285 632 per
321 569 487 613 amicos
522 566 711 617 tendere
751 573 797 611 et
830 581 987 611 eorum
1019 566 1213 628 perfidia
1245 582 1336 629 pro
1367 567 1500 612 armis
1534 567 1598 613 uti

168 668 195 712 4
208 673 348 729 parat.
419 665 561 727 Igitur
589 664 905 721 Bomilcarem,
940 663 1018 723 qui
1051 664 1229 709 Romae
1254 679 1356 709 cum
1383 659 1603 725 Iugurtha

204 764 365 821 fuerat,
402 768 446 808 et
481 761 586 807 inde
621 760 811 806 vadibus
847 759 960 806 datis
997 761 1113 806 clam
1148 760 1206 806 de
1228 760 1454 806 Massivae
1488 776 1606 806 nece

205 887 286 910 eam
309 873 464 909 militum
488 876 647 919 partem,
678 883 771 917 quae
803 873 1081 918 relinquebatur,
1111 871 1299 917 praesidiis
1322 872 1531 917 demptis.
1554 871 1602 906 ef.

178 938 285 972 ‚Can
307 936 399 978 mx,
416 935 452 971 2.
501 934 658 969 Catilina
689 938 765 968 octo
799 934 948 968 cohortis
974 934 1011 968 in
1035 935 1158 977 frome
1190 933 1390 976 constitnit,
1422 933 1605 968 relicua

206 999 313 1044 signa
334 998 373 1032 in
395 996 555 1038 subsidio,
571 996 738 1036 collocat3
762 998 796 1030 et
818 994 903 1028 ibid.
927 995 961 1037 §.
984 993 1019 1029 5.
1069 993 1223 1028 Petreius
1245 994 1396 1033 cohor-,tis
1418 998 1606 1028 veteranas

206 1061 244 1093 in
261 1060 402 1103 fronte,
422 1062 502 1103 post
527 1067 587 1092 eas
609 1061 814 1092 ceterum
839 1055 1024 1091 exercitum
1047 1054 1085 1089 in
1108 1053 1270 1088 subsidiis
1293 1054 1396 1090 locut.
1444 1054 1516 1089 Sed
1538 1065 1608 1089 nou

207 1119 339 1164 ubique
366 1122 554 1163 utrumque
585 1117 693 1152 licere
725 1116 762 1151 in
794 1118 956 1160 promptu
994 1118 1068 1159 est,
1101 1114 1211 1149 velut
1234 1114 1314 1161 lug.
1345 1115 1550 1158 LXXXIX,
1571 1114 1607 1151 6.

209 1181 400 1226 Capsenses
429 1191 504 1215 una
532 1179 634 1213 modo
667 1178 747 1224 iugi
775 1167 889 1222 aqua,
929 1181 1093 1211 cetera
1129 1175 1252 1219 pluvia
1292 1177 1501 1221 utebantur,
1538 1187 1609 1211 nou

208 1244 348 1287 poterat
372 1240 441 1275 dici
464 1242 620 1281 relicua3
642 1250 726 1274 nam
750 1249 870 1273 sensus
893 1239 965 1270 est:
997 1236 1047 1270 ad
1070 1235 1166 1281 iugis
1187 1247 1301 1280 aquae
1324 1249 1452 1280 usum,
1485 1237 1516 1272 si
1539 1248 1611 1272 non

209 1302 407 1346 sufficeret,
438 1302 619 1337 addebant
653 1299 835 1346 pluviam,
865 1308 978 1342 neque
1008 1300 1123 1342 potest
1154 1297 1276 1342 pluvia
1304 1299 1429 1334 relicta
1461 1296 1612 1344 cogitari

211 1375 254 1399 ex
276 1363 355 1408 iugi
379 1373 485 1415 aqua.

303 1425 342 1459 iu
360 1423 579 1470 provinciam
601 1421 770 1466 collocat]
802 1419 859 1455 lta
890 1418 997 1464 longe
1026 1417 1173 1463 plurimi
1195 1429 1238 1454 ac
1259 1418 1500 1464 probatissimi
1528 1418 1613 1453 libri

213 1485 402 1531 praebent3
433 1487 472 1520 at
503 1485 541 1520 in
573 1483 680 1519 Acad.
717 1483 847 1517 Heus·-
878 1477 961 1512 Sen.
984 1478 1020 1514 2.
1054 1480 1173 1515 Guelf.
1197 1480 1232 1515 9.
1257 1480 1316 1516 12.
1346 1479 1443 1515 Leid.
1470 1479 1514 1515 N.
1537 1479 1614 1517 Erl.

214 1547 322 1582 Beru.
343 1548 378 1581 1.
401 1545 509 1583 Misn.
534 1549 569 1581 et
590 1544 710 1579 Berol.
734 1542 768 1579 1.
800 1539 934 1585 legitur
964 1540 1004 1575 io
1032 1540 1213 1585 provincia
1235 1541 1326 1586 coll„
1349 1540 1445 1585 quod
1477 1539 1615 1576 scribae

215 1607 261 1644 ad
291 1606 508 1643 familiarem
543 1605 630 1650 ipsis
661 1606 874 1640 structuram
908 1604 1123 1647 exegerunt,
1154 1601 1349 1637 editoribus
1379 1611 1450 1636 nou
1480 1601 1616 1637 obteni-

216 1669 430 1715 perantibus.
478 1667 613 1703 Iusulse
641 1668 760 1700 tamen
783 1662 994 1698 Gerlachius
1014 1662 1255 1698 accusativum
1276 1662 1351 1697 vim
1379 1661 1530 1697 ablativi
1553 1662 1618 1696 ha-

218 1730 303 1765 bere
323 1729 467 1775 statuit,
497 1726 678 1763 remittam
708 1725 753 1761 ad
777 1735 838 1766 ea,
871 1735 963 1769 quae
994 1723 1040 1759 ad
1063 1723 1140 1759 cat.
1166 1723 1236 1766 XI,
1259 1722 1296 1759 5.
1319 1723 1423 1766 XIX,
1446 1722 1483 1758 3.
1515 1725 1550 1758 et
1572 1722 1618 1757 ad

218 1791 299 1836 Ing.
324 1791 434 1827 cxn.
461 1789 497 1824 3.
521 1787 668 1834 protulit
683 1813 694 1831 ,
718 1786 845 1832 quibus
868 1785 958 1820 locis
979 1785 1018 1820 id
1041 1784 1176 1821 scilicet
1197 1784 1292 1830 egit,
1325 1787 1366 1820 ut
1387 1783 1475 1818 uuili
1498 1794 1620 1828 super-

218 1851 363 1887 stitione
386 1863 451 1897 pro
473 1847 600 1894 ineptis
616 1851 722 1892 atque
744 1844 911 1882 obsoletis
933 1845 1249 1892 grammaticorum
1272 1844 1467 1891 praeceptis
1483 1854 1621 1889 pugna-

226 1916 306 1956 ret,
329 1923 398 1948 nou
421 1911 560 1948 ratione
583 1908 644 1944 sed
667 1919 773 1944 coeca
794 1906 1035 1952 exemplorum
1058 1905 1304 1942 observatione
1323 1905 1441 1941 factis.
1465 1905 1512 1939 cf.
1534 1905 1621 1940 Iah-

223 1973 276 2009 uii
299 1973 452 2009 Annales
474 1970 608 2008 Philol.
633 1973 669 2005 et
690 1969 845 2014 Paedag.
869 1978 903 2002 a.
926 1966 1042 2002 1829Γ
1054 1967 1159 2002 Fasc-
1175 1965 1217 2002 .5.
1241 1978 1276 2012 p.
1299 1965 1359 2002 51.
1405 1965 1534 2001 Nostro
1556 1976 1622 2001 au-

181 2037 187 2043 '
226 2038 298 2070 tom
330 2035 410 2070 loco
441 2030 662 2069 acemativus
695 2029 777 2064 iude
807 2028 1016 2073 repetendus
1048 2031 1123 2071 est,
1145 2028 1239 2073 quod
1263 2027 1300 2063 iu
1322 2028 1490 2063 collocare
1513 2027 1623 2061 verbo

225 2092 323 2128 notio
346 2093 509 2129 mittendi
532 2103 575 2126 ac
597 2095 710 2126 motus
732 2090 929 2136 praevalen
952 2101 987 2125 v.
1007 2087 1207 2124 Daehnium
1225 2089 1269 2123 ad
1288 2088 1376 2133 Nep.
1396 2087 1488 2122 Cim.
1510 2087 1569 2132 IV,
1588 2087 1624 2123 1.

226 2166 262 2199 p.
286 2153 347 2189 93.
369 2172 417 2180 —
451 2153 570 2188 Verba.
600 2162 692 2197 quae
719 2162 890 2196 proxuma
921 2157 974 2188 est
1006 2150 1195 2186 Numidiae
1226 2149 1366 2184 Gor-tius
1394 2148 1491 2184 inani
1510 2147 1625 2193 suspi-

226 2214 319 2249 cioni
342 2213 514 2250 obnoxius
535 2224 599 2258 pro
625 2212 786 2247 insitieiis
807 2213 928 2255 habet,
950 2211 1035 2256 quia
1057 2210 1278 2246 notissimum
1299 2211 1358 2253 sit,
1381 2211 1625 2245 Romanorum

228 2273 449 2321 provinciam
479 2274 516 2309 iu
539 2273 663 2309 Africa
694 2273 880 2328 Numidiae
908 2273 1105 2318 proxixnam
1137 2271 1267 2315 fuisse,
1303 2282 1416 2315 neque
1438 2270 1626 2306 Sallustius

229 2335 311 2372 aliis
341 2335 432 2371 Iocis
471 2336 542 2381 hoe
574 2333 853 2372 additamentum
883 2335 1023 2373 habeat.
1077 2333 1150 2368 Sed
1184 2345 1294 2378 quum
1323 2337 1472 2375 utraque
1502 2341 1627 2366 caussa

230 2407 295 2442 per
317 2406 356 2430 se
383 2406 511 2439 parum
533 2395 670 2436 valeat,
691 2398 768 2430 tum
791 2395 898 2430 huius
920 2394 990 2430 Ioci
1013 2405 1155 2440 prorsus
1187 2393 1258 2429 aliu
1281 2393 1372 2428 ratio
1395 2395 1468 2434 θεῖς
1498 2390 1626 2435 quippe

231 2456 299 2497 ista
320 2455 430 2490 verba
452 2467 521 2490 nou
545 2457 590 2491 ad
622 2455 822 2491 universam
846 2454 1066 2500 provinciam
1092 2457 1269 2498 spectant,
1300 2453 1361 2488 sed
1383 2452 1627 2488 tantummodo

235 2517 284 2553 ad
306 2527 387 2552 eam
409 2516 484 2550 eius
507 2521 660 2561 partem,
685 2517 721 2552 iu
745 2508 851 2562 quam
874 2515 1067 2560 imperator
1090 2513 1207 2559 copies
1229 2514 1478 2549 collocaverat.
1521 2512 1629 2548 Scili-
1668 2544 1671 2545 ⁷

234 2582 290 2614 cet
311 2581 352 2613 ut
374 2576 506 2612 milites
534 2579 580 2613 ad
614 2578 748 2613 subitos
780 2577 952 2612 tumultus
983 2579 1018 2610 et
1049 2574 1095 2610 ad
1118 2573 1310 2618 improvisa
1332 2573 1419 2609 belli
1442 2584 1549 2618 quam
1572 2585 1628 2608 ce-

234 2639 378 2675 lerrime
401 2638 511 2674 acciri
533 2641 568 2672 et
592 2637 778 2672 convocari
803 2639 963 2681 possent,
995 2645 1065 2669 non
1096 2645 1160 2679 per
1194 2638 1306 2670 totam
1327 2646 1387 2669 eos
1410 2634 1631 2679 provinciam

237 2701 403 2736 Metellus
425 2697 647 2744 dispertivit,
670 2699 732 2732 sed
754 2697 798 2731 iis
822 2697 929 2741 Iocis,
953 2707 1045 2740 quae
1070 2706 1243 2740 proxume
1262 2695 1468 2743 Numidiam
1491 2695 1631 2731 adiace-

237 2764 335 2807 rent,
359 2771 420 2796 eos
441 2759 600 2796 hiemare
623 2757 734 2794 iussit.
758 2759 806 2793 cf.
829 2757 926 2793 infra
947 2769 979 2794 c.
997 2757 1186 2798 nxxvlu,
1201 2755 1235 2794 5.
1287 2758 1382 2794 Inter
1405 2768 1461 2806 eos
1483 2761 1519 2793 ct
1533 2759 1659 2801 ster...
1673 2783 1695 2803 ,Α

1154 2841 1259 2874 ,κη’
1271 2839 1339 2858 “⁵⁸‘'
1348 2832 1357 2841 ‘
