1716 2996
223 176 310 218 468
596 173 641 218 G.
674 171 1007 218 SALLUSTI
1038 173 1257 218 CRISPI

225 290 299 336 cul
329 295 496 346 essent,
532 294 684 335 tamen
714 290 857 335 omnis
897 290 1040 336 bonos
1073 291 1350 353 reipublicae
1386 294 1620 340 subvenire

127 377 213 432 '49
226 388 430 435 decebat.
509 386 691 432 Etenim
741 387 921 448 ignavia
975 402 1111 434 nemo
1157 389 1419 436 immortalis
1463 391 1622 449 factus,

224 500 374 545 neque
419 483 659 543 quisquam
711 499 877 545 parens
928 485 1081 531 liberis
1136 487 1201 531 uti
1255 488 1425 532 aeterni
1475 482 1646 533 forent>

227 582 426 644 optavit3
462 580 623 644 magis,
658 581 722 626 uti
755 581 865 627 boni
899 581 1169 642 honestique
1204 583 1341 629 vitam
1377 574 1625 646 exigerent.

161 683 219 725 50
230 680 385 725 Plura·
412 678 610 724 dicerem
625 710 638 735 ,
685 678 909 735 Quirites,
956 680 992 725 si
1031 681 1196 726 timidis
1235 683 1446 728 virtutem
1489 683 1627 728 verba

229 777 476 831 adderent3
511 792 618 821 nam
655 776 844 821 strenuis
880 776 1062 823 abunde
1093 778 1263 825 dictum
1296 785 1423 842 pute.

368 874 622 920 LXXXVI.
693 873 1021 920 Huiuscemodi
1069 877 1271 922 oratione
1320 876 1474 922 habita
1519 876 1628 921 Ma-

230 972 348 1030 rius,
393 977 637 1034 postquam
682 970 831 1033 plebis
877 972 1048 1019 animos
1092 979 1291 1019 arrectos
1332 973 1481 1034 videt,
1514 989 1627 1035 pro-

231 1148 263 1172 c.
288 1135 358 1179 25,
380 1135 440 1172 78.
490 1134 643 1170 Roscius
672 1137 717 1171 ei
748 1137 839 1172 nihil
871 1137 1023 1181 diceret,
1055 1138 1166 1174 tacito
1199 1136 1276 1182 ipso
1310 1137 1422 1182 officio
1453 1142 1488 1174 et
1517 1138 1632 1174 studio

232 1199 390 1244 quemvis
413 1201 651 1231 commoveret.
678 1196 822 1232 Terent.
846 1198 935 1235 Eun.
958 1199 987 1242 Ι,
1011 1198 1047 1242 l,
1070 1199 1105 1234 4.
1152 1198 1336 1245 Redeam?
1369 1199 1474 1242 Non,
1506 1200 1546 1234 οἱ
1577 1211 1631 1234 me

234 1259 414 1293 obsescret.
438 1257 486 1291 ct'.
509 1257 698 1292 Ruhnken.
720 1258 765 1291 atl
788 1259 964 1294 Heauton.
989 1260 1031 1302 V,
1055 1259 1089 1302 4,
1113 1258 1172 1294 13.
1195 1259 1459 1294 Drakenborch.
1488 1260 1534 1295 ad
1556 1260 1632 1296 niv.

233 1319 401 1361 XXXIII,
427 1318 487 1360 49,
509 1317 544 1353 3.
572 1318 797 1363 Oudendorp.
833 1320 878 1356 ad
910 1320 1009 1356 Auct.
1036 1321 1080 1354 B.
1113 1320 1302 1355 Alexandr.
1326 1331 1357 1357 c.
1380 1320 1451 1364 ΙΝ,
1475 1320 1510 1359 5.
1539 1321 1635 1367 Gry-

234 1391 305 1416 sar.
330 1380 407 1414 Art.
432 1379 557 1415 Latine
580 1379 756 1414 scribendi
779 1391 814 1425 p.
838 1380 1142 1417 589.—Decebat
1163 1381 1296 1427 legitur
1319 1380 1356 1415 in
1380 1382 1457 1417 Vnt.
1481 1383 1523 1418 A.
1547 1383 1635 1416 duo-

237 1441 304 1476 bus
328 1439 454 1482 Rivii,
479 1440 597 1477 Mark.
622 1443 678 1484 A„
711 1441 846 1476 Palatt.
870 1440 906 1475 3.
929 1441 964 1476 4.
989 1441 1024 1476 ⁷.
1056 1441 1142 1477 Bae.
1167 1442 1203 1478 1.
1226 1441 1326 1493 Leifl.
1351 1442 1391 1476 1..
1415 1443 1460 1477 Ι).
1485 1443 1531 1478 G.
1556 1442 1633 1478 Vin.

239 1502 276 1537 1.
301 1501 416 1538 Paris.
439 1500 476 1537 b.
499 1513 531 1537 c.
557 1514 591 1537 x.
614 1514 646 1538 z.
671 1505 707 1538 et
735 1501 855 1538 Berol.
878 1501 913 1536 2.
961 1501 1017 1536 Ex
1041 1502 1168 1538 ceteris
1191 1502 1350 1548 plerique
1371 1503 1503 1539 hahent
1525 1504 1634 1546 decet,

236 1563 343 1609 pauci
375 1563 514 1598 deceret
528 1589 538 1606 ‚
572 1566 762 1608 utrumque
794 1574 838 1597 ex
869 1562 1150 1607 interpolatione.
1207 1562 1300 1599 Nam
1323 1563 1462 1599 scribae
1491 1564 1635 1610 ignora-

236 1625 322 1660 bant
345 1624 381 1659 in
405 1623 648 1659 enunciatione
680 1623 913 1659 condicionali
937 1623 1106 1667 apoduein
1136 1623 1337 1669 imperfecti
1367 1624 1557 1661 indicativo
1581 1626 1635 1660 ef-

237 1685 345 1728 ferri,
366 1686 397 1720 si
421 1686 477 1727 id,
502 1685 594 1730 quod
618 1696 661 1720 ex
694 1684 875 1730 proposita
899 1684 1104 1720 condicione
1126 1685 1273 1730 pendet,
1304 1695 1375 1720 non
1396 1685 1541 1728 incerti,
1574 1685 1635 1721 sed

237 1746 431 1783 certissimi·
448 1758 491 1781 ac
512 1745 700 1781 necessarii
722 1748 865 1781 eventus
880 1755 956 1780 esee
976 1745 1154 1781 asseritur.
1178 1747 1225 1781 ef.
1246 1745 1459 1782 numanum.
1475 1747 1635 1784 Gramm.

238 1809 316 1845 Lat.
351 1811 386 1853 ς.
412 1807 494 1843 191).
519 1809 548 1851 1,
572 1807 607 1852 3,
633 1819 665 1844 c.
699 1819 736 1853 p.
759 1805 842 1842 585.
877 1805 931 1843 ed.
954 1806 996 1853 1.,
1020 1817 1063 1841 ex
1095 1807 1196 1843 cuius
1219 1806 1387 1853 exemplis
1409 1807 1500 1843 haec
1522 1812 1636 1843 trans-

238 1866 453 1906 scribemus:
486 1868 559 1903 Cic.
589 1879 624 1912 p.
647 1868 672 1904 1.
706 1867 832 1902 Manil.
865 1879 897 1902 c.
921 1867 979 1910 17,
1003 1866 1062 1903 50.
1113 1869 1245 1912 Quodsi
1277 1870 1412 1904 Romae
1442 1868 1505 1903 Cu.
1530 1868 1634 1903 Pom—

237 1933 338 1979 peius
371 1932 534 1978 privatus
564 1932 697 1964 essct
728 1928 791 1963 hoo
824 1933 1002 1974 tempore,
1045 1934 1166 1965 tamen
1197 1930 1246 1965 aa
1277 1934 1417 1966 tantum
1445 1930 1572 1964 bellum
1604 1930 1635 1964 ie

241 1998 344 2029 erat
380 1991 589 2038 deligendus
613 1995 720 2036 atque
744 1990 957 2032 mittendus,
983 1990 1028 2025 ad
1050 2001 1084 2034 q.
1109 1990 1134 2025 l.
1159 1991 1261 2035 plura
1283 1990 1401 2026 attulit
1423 1990 1519 2037 Aug.
1541 1991 1635 2026 Mat-

241 2054 345 2090 thias.
371 2053 488 2089 Tacit.
514 2051 610 2086 Hist.
633 2052 662 2095 Ι,
684 2050 744 2093 16,
767 2051 801 2086 1.
836 2052 989 2087 Etiamsi
1011 2051 1214 2086 immensum
1238 2052 1375 2097 imperii
1396 2060 1519 2098 eorpus
1541 2057 1636 2087 stare

243 2128 284 2151 ac
308 2115 432 2150 librari
453 2115 527 2149 sine
550 2117 684 2148 rectore
703 2123 760 2158 po
775 2117 890 2155 sset,
921 2112 1051 2159 dignus
1086 2122 1206 2146 eram
1241 2112 1378 2157 (Galla
1404 2113 1588 2158 quuitur)
1611 2124 1635 2147 α

242 2188 309 2221 quo
329 2176 478 2221 respubl.
501 2175 680 2219 inciperet.
705 2185 742 2208 v.
771 2172 991 2209 Boettieheri
1018 2173 1102 2208 Lex.
1127 2172 1245 2208 Tacit.
1269 2183 1304 2207 v.
1329 2174 1473 2210 indicat.
1495 2186 1531 2220 ιι.
1554 2173 1635 2210 255.

242 2236 277 2279 3,
302 2247 335 2273 n.
358 2258 404 2263 —
428 2236 529 2281 Quae
560 2238 752 2280 sequuntur
779 2235 889 2269 verba
917 2234 1116 2276 sisensum
1148 2237 1283 2279 spectes
1314 2246 1358 2270 ex
1379 2235 1537 2270 Platonis
1558 2236 1634 2269 Me-

243 2308 375 2332 nexeno
409 2305 571 2342 expressa
603 2295 717 2330 videri
748 2294 821 2330 iam
851 2295 1053 2330 observavit
1076 2295 1118 2329 A.
1141 2294 1344 2338 Manutius;
1368 2306 1450 2331 nam
1473 2295 1523 2330 ibi
1547 2296 1636 2329 haec

243 2358 408 2403 leguntur
439 2370 471 2392 c.
493 2356 558 2392 20:
595 2353 645 2392 οὗ
674 2354 745 2402 γάρ
776 2353 999 2397 ἀθανάτους
1033 2356 1139 2402 σφίσι
1170 2357 1311 2398 παῖδας
1339 2354 1511 2402 εὔχονται
1538 2353 1636 2400 γενέ-

246 2419 360 2460 σθαι,
384 2415 459 2452 ἀλλ’
486 2415 659 2462 ἀγαθούς
691 2416 755 2454 καὶ
779 2414 955 2459 εὐκλεεῖς,
988 2428 1078 2461 quae
1100 2430 1183 2454 sane
1206 2422 1286 2454 sunt
1316 2417 1443 2453 nostris
1464 2416 1568 2452 valde
1591 2416 1638 2451 si-

245 2478 359 2514 milia.
384 2495 430 2504 -
454 2478 660 2523 Exigere
691 2478 804 2513 vitam
835 2477 1090 2522 explicavimus
1118 2480 1164 2515 ad
1195 2491 1226 2515 c.
1249 2479 1346 2520 XIV,
1370 2476 1428 2512 15.
1454 2496 1498 2503 —
1520 2476 1638 2512 Verba

247 2540 279 2575 si
300 2540 434 2576 timidis
456 2539 621 2574 virtutem
644 2540 752 2574 verba
776 2540 947 2575 adderent
970 2550 1040 2575 non
1066 2540 1220 2576 multum
1244 2538 1414 2574 differunt
1434 2538 1480 2573 ab
1504 2537 1636 2574 oratio-

248 2611 292 2636 ne
315 2599 487 2636 Catilinae
509 2610 540 2633 c.
563 2599 686 2642 Lvm,
707 2599 741 2637 1.

339 2661 529 2698 LXXXVI.
550 2661 583 2703 §.
614 2659 647 2696 1.
694 2662 870 2707 arrectos]
903 2661 981 2697 Non
1014 2662 1107 2698 male
1138 2660 1279 2696 Cottius
1308 2660 1416 2696 huius
1438 2660 1534 2695 vocis
1563 2658 1636 2694 vim

247 2722 356 2756 refert
378 2722 424 2756 ad
445 2721 592 2757 tacitam
621 2720 872 2767 cogitationem
903 2723 983 2757 belli
990 2734 1005 2763 ‚⁸
1037 2734 1072 2756 v.
1103 2734 1192 2767 qnae
1215 2721 1462 2757 annotavimus
1491 2720 1536 2755 ad
1559 2720 1636 2754 Cat.

248 2783 414 2825 xxxix,
437 2782 472 2818 3.
499 2786 535 2818 et
550 2780 600 2818 nd
622 2781 702 2828 Ing.
720 2783 852 2826 XXIII,
877 2782 910 2819 1.
935 2795 971 2828 p.
994 2783 1074 2818 141.
1101 2803 1141 2809 —
1169 2784 1240 2819 Pro
1263 2783 1446 2828 aliisque,
1470 2785 1509 2818 nt
1531 2791 1635 2816 omne
