1702 2982
423 172 784 218 IUGURTHA.
844 171 985 216 CAP.
1013 170 1136 216 XVI.
1427 173 1486 215 Μ

85 297 133 337 et
171 296 278 336 tuuc
322 291 369 335 in
402 291 575 336 Senatu
605 295 795 351 potens,
840 289 947 348 quia
983 287 1140 333 consul
1176 285 1231 334 C.
1266 285 1483 332 Graccho

83 394 131 433 et
163 387 233 435 M.
268 387 429 433 Fulvio
473 387 639 431 Flacco
678 385 923 430 interfectis
968 399 1202 430 acerrume
1249 383 1481 428 victoriam

81 484 322 530 nobilitatis
375 485 421 528 in
471 483 659 544 plebem
714 488 990 528 exercuerat.
1077 481 1198 525 Eum
1254 479 1510 542 Iugurtha-²3

80 581 259 627 tametsi
293 581 470 625 Romae
501 580 549 624 in
590 579 775 623 inimicis
810 577 1056 634 habuerat,
1103 583 1254 622 tamen
1290 592 1477 622 accura-

79 678 262 722 tissume
296 678 494 738 recepit3
541 676 692 721 dando
729 680 776 720 et
816 675 1109 736 pollicitando
1144 675 1285 719 multa
1317 673 1475 735 perfe—

82 775 164 830 cit,
209 775 273 819 uti
308 774 431 818 fama
451 807 465 829 ,
506 773 600 817 fide
620 805 635 829 ,
675 778 911 832 postremo
955 772 1160 816 omnibus
1205 770 1293 815 suis
1338 770 1473 814 rebus

80 869 369 916 commodum
409 836 531 930 regis
576 869 830 913 anteferret.
907 868 1123 913 Relicuos
1169 868 1345 927 legatos
1389 873 1506 916 (θα-4

79 965 186 1010 dem
216 966 286 1011 via
321 981 587 1028 aggressus,
639 965 883 1026 plerosque
928 965 1082 1026 capit3
1125 963 1283 1025 paucis
1328 962 1473 1007 carior

77 1134 115 1166 p.
139 1121 200 1158 39.
216 1143 263 1149 —
284 1122 357 1156 Pro
381 1127 473 1164 tum,
504 1121 596 1167 qnod
632 1132 752 1167 omnes
775 1120 874 1155 codd.
897 1120 1030 1155 habere
1052 1120 1235 1164 videntur,
1268 1117 1472 1163 scripsimus

77 1188 180 1226 ωηο,
212 1187 251 1218 ut
280 1183 450 1218 sententia
484 1183 661 1227 postulat,
697 1194 806 1227 quum
845 1182 891 1217 ad
924 1186 1059 1215 certum
1091 1179 1471 1226 praeteriti,*porin

75 1247 243 1288 punctum
266 1243 482 1288 respiciatur.
506 1244 546 1277 V.
571 1244 616 1277 ad
647 1255 678 1278 c.
707 1245 747 1285 V,
771 1243 805 1276 1.
836 1247 872 1277 et
904 1243 989 1284 vn,
1011 1242 1046 1276 4.
1072 1241 1222 1283 xxxn,
1245 1240 1278 1274 l.
1303 1259 1350 1265 -
1375 1240 1470 1283 Quia

75 1309 175 1349 recte
193 1303 275 1339 inde
296 1315 320 1340 a
341 1305 478 1349 Popma
508 1307 542 1338 ct
571 1303 723 1338 Grutero
748 1303 863 1338 editur
886 1316 948 1348 pro
971 1304 1051 1348 qui,
1084 1302 1177 1346 quod
1199 1300 1344 1346 plurimi
1366 1300 1469 1335 codd.

74 1366 212 1406 tucnt3
244 1366 449 1400 confirmant
471 1369 588 1399 tamen
610 1371 764 1399 nostram
796 1364 1010 1408 scripturam
1030 1362 1159 1397 Nazar.
1192 1363 1274 1396 Bas.
1298 1362 1331 1395 l.
1357 1361 1467 1396 Fabr-

74 1425 111 1459 1.
134 1424 214 1459 Seu.
238 1426 272 1461 1.
294 1427 399 1461 Rem.
423 1426 458 1461 2.
484 1425 604 1460 Gueu.
629 1425 664 1461 3.
695 1424 791 1459 Leid.
815 1426 863 1460 Η.
886 1426 915 1460 1.
940 1425 987 1458 Κ.
1012 1424 1052 1458 Ιι.
1074 1423 1125 1457 Μ.
1149 1422 1192 1458 N.
1227 1422 1317 1455 Tur.
1340 1432 1390 1455 m.
1412 1433 1466 1466 pr.

74 1485 181 1520 Rern.
204 1486 239 1522 1.
261 1486 296 1521 3.
320 1488 394 1523 Erl.
418 1489 510 1533 Teg.
532 1485 650 1521 Berol.
675 1485 709 1519 2.
734 1490 769 1519 et
793 1486 913 1521 Goerl.
955 1485 1146 1524 Can-issam,
1172 1494 1236 1516 cur
1259 1483 1343 1527 quia
1365 1493 1469 1526 prae-

74 1545 347 1591 ferendunam,
377 1554 470 1583 recte
502 1545 675 1592 perspexit
698 1546 853 1579 GronoV.
888 1545 925 1578 in
949 1545 1147 1579 Observatt.
1178 1543 1240 1587 lv,
1265 1543 1299 1577 5.
1327 1555 1362 1587 p.
1383 1542 1466 1578 56¹1.

74 1606 131 1641 ed·
161 1606 256 1650 Ilipa.
300 1607 343 1641 In
364 1613 526 1651 promptu
549 1612 602 1640 est
623 1605 717 1640 enim
749 1605 807 1639 his
829 1605 945 1639 verbis
971 1616 1041 1638 uon
1069 1603 1222 1638 doecribi
1254 1603 1387 1648 Opimii
1411 1603 1465 1638 in-

73 1665 240 1711 genium,
267 1670 308 1701 ut
340 1666 643 1708 antecedentibus,
674 1666 735 1700 sed
757 1666 930 1700 rationem
952 1664 1071 1708 reddi,
1105 1676 1166 1699 cur
1188 1666 1226 1698 in
1249 1666 1382 1699 &natu
1401 1676 1467 1709 po-

74 1731 149 1760 tens
161 1726 288 1771 suerit.
314 1746 359 1752 —
381 1728 452 1762 Pro
482 1728 599 1761 consul
632 1726 669 1760 in
700 1725 874 1770 plerisque
901 1725 1004 1760 libris
1033 1725 1231 1764 scribarum
1262 1724 1467 1770 ignorantia

11 1783 15 1786 ’
73 1786 169 1822 dedit
193 1786 408 1827 concidibus,-
429 1786 685 1822 nominativum
707 1790 826 1822 tamen
847 1789 991 1821 servant
1011 1786 1140 1821 Nazar.
1162 1787 1249 1821 Bas.
1266 1786 1301 1820 1.
1325 1787 1465 1821 Fabric.

74 1848 109 1882 1.
128 1847 163 1882 2.
190 1847 301 1884 Acad.
324 1848 399 1884 1³:11.
422 1849 512 1893 Teg.
535 1852 571 1882 et
594 1847 718 1882 Goerl.
746 1867 792 1873 -—
828 1847 1019 1882 Victoriam
1036 1858 1193 1881 exercere
1219 1847 1343 1882 codem
1358 1847 1465 1882 modo

72 1907 208 1943 dictum
227 1908 305 1944 eat.
329 1909 523 1951 xxxvm,
543 1909 579 1945 4.
601 1907 665 1942 ubi
681 1919 715 1941 v.
734 1908 816 1942 coll.
838 1909 1104 1942 Drakenborch.
1127 1909 1173 1943 ad
1192 1907 1273 1941 Liv.
1285 1908 1344 1950 Vl,
1362 1906 1465 1950 224.

163 1971 198 2011 §-
219 1967 256 2004 3.
302 1968 339 2003 in
361 1969 523 2013 inimicis]
547 1970 600 2003 lta
618 1968 753 2012 scripsi,
779 1968 1026 2012 praeeuntibus
1044 1967 1154 2012 Bipp.
1175 1968 1326 2012 hangio,
1350 1968 1467 2002 Muel-

72 2028 147 2062 lero
169 2033 204 2063 et
224 2029 359 2072 Palm,
392 2041 456 2073 pro
479 2030 626 2074 vulgato
650 2029 686 2061 in
710 2029 852 2070 amicis,
887 2029 980 2072 quod
1004 2028 1216 2062 Gerlachins
1239 2027 1276 2062 in
1298 2028 1353 2064 ed.
1377 2028 1463 2062 mai.

71 2087 234 2132 reliquit,
257 2089 294 2123 in
318 2089 523 2123 Commentt.
548 2101 584 2133 p.
605 2087 687 2123 239.
711 2094 750 2123 ut
771 2090 900 2124 falsum
922 2088 1115 2130 damnavit,
1137 2088 1174 2122 iu
1197 2089 1253 2124 ed.
1274 2089 1466 2125 novissima

73 2152 192 2184 autem
213 2160 275 2192 pro
298 2148 496 2182 incredibili
514 2149 749 2184 inconstantia
771 2161 836 2184 sua
858 2162 977 2184 rursus
998 2149 1159 2194 repetiit,
1185 2150 1373 2184 Weissium
1396 2151 1466 2185 ha-

72 2211 157 2244 beus
175 2208 347 2244 acuminis
370 2209 515 2243 socium.
539 2209 611 2243 Sed
633 2211 694 2254 qui
717 2212 899 2255 sequentia
919 2214 1082 2244 accurate
1103 2211 1387 2253 consideraverit,
1409 2211 1465 2245 in-

72 2269 211 2315 telliget
234 2268 416 2313 Opimium
444 2271 581 2304 Romae
612 2282 680 2304 non
713 2271 822 2305 fuisse
854 2271 1049 2316 Iugurthae
1079 2271 1254 2310 amicum3
1284 2282 1348 2304 cur
1370 2269 1464 2304 euim

70 2340 159 2374 opus
178 2329 304 2364 fuisset
329 2330 446 2364 dando
467 2335 502 2364 ct
522 2330 750 2374 pollicitando
767 2332 878 2366 multa
894 2343 976 2365 eum
993 2329 1063 2364 sibi
1084 2330 1288 2376 adiungere,
1307 2331 1368 2376 qui
1391 2331 1464 2365 iam

70 2402 95 2426 a
117 2391 274 2435 partibus
295 2390 367 2424 suis
388 2390 518 2425 staret?
541 2392 731 2435 Ipsumque
747 2393 896 2436 perfecit
926 2392 1093 2434 verbum,
1126 2392 1188 2436 (de
1211 2391 1309 2425 cuius
1323 2392 1467 2436 propria

71 2450 111 2484 vi
131 2451 179 2486 ef.
202 2451 360 2495 Herzog.
387 2452 433 2486 ad
462 2451 567 2486 Catil.
590 2452 689 2493 xlv,
709 2452 746 2486 3.
773 2463 807 2496 p.
830 2451 911 2495 72.)
942 2451 1115 2493 ostendit,
1153 2463 1224 2486 nou
1255 2453 1330 2486 sine
1352 2453 1465 2487 multo

71 2511 194 2547 labore
215 2511 253 2545 id
274 2515 498 2546 consecutum
519 2524 594 2547 esse
614 2513 845 2557 Iugurtham,
879 2518 918 2547 ut
947 2512 1130 2557 Opimium
1157 2512 1227 2547 sibi
1249 2512 1463 2548 conciliaret.

0 2611 1 2620 ἵ
71 2571 230 2615 Denique
260 2572 366 2606 etiam
400 2574 540 2607 tametsi
573 2573 746 2617 particula
777 2573 924 2607 eandem
948 2573 1157 2617 scripturum
1181 2573 1324 2614 suadet,
1353 2571 1463 2616 siqui-

0 2622 1 2626 *
73 2630 153 2664 dem
175 2632 328 2666 maxime
348 2632 453 2682 in-iis
476 2633 775 2669 enunciationibus
797 2634 1006 2669 concessivis
1029 2635 1146 2668 locum
1179 2633 1311 2674 habet,
1343 2632 1404 2666 ubi
1428 2631 1466 2666 id

70 2691 164 2736 quod
186 2683 439 2727 consectarium
463 2699 536 2734 est,
569 2694 719 2728 insoleus
742 2705 817 2728 esse
839 2694 988 2737 dicitur,
1011 2699 1046 2728 ct
1068 2694 1119 2737 ci,
1145 2693 1240 2738 quod
1263 2691 1465 2726 condicione

72 2751 286 2797 continetur,
316 2753 419 2803 quani
448 2759 641 2800 repugnat3
676 2765 707 2788 v.
731 2755 944 2790 Ramsboru.
970 2755 1130 2790 Gramm.
1162 2754 1241 2788 Lat.
1267 2754 1300 2795 §.
1323 2752 1404 2796 191,
1430 2752 1463 2787 1.

139 2823 192 2866 11.
1152 2824 1183 2868 ἴ
