<?xml version="1.0" encoding="UTF-8"?>
<!DOCTYPE html PUBLIC "-//W3C//DTD XHTML 1.0 Transitional//EN"
    "http://www.w3.org/TR/xhtml1/DTD/xhtml1-transitional.dtd">
<html xmlns="http://www.w3.org/1999/xhtml" xml:lang="en" lang="en">
 <head>
  <title>
</title>
<meta http-equiv="Content-Type" content="text/html;charset=utf-8" />
  <meta name='ocr-system' content='tesseract 3.04.00' />
  <meta name='ocr-capabilities' content='ocr_page ocr_carea ocr_par ocr_line ocrx_word'/>
</head>
<body>
  <div class='ocr_page' id='page_1' title='image "./operaquaesupersu02salluoft/operaquaesupersu02salluoft_0654.png"; bbox 0 0 1716 2996; ppageno 0'>
   <div class='ocr_carea' id='block_1_1' title="bbox 239 109 1716 786">
    <p class='ocr_par' dir='ltr' id='par_1_1' title="bbox 239 109 1031 158">
     <span class='ocr_line' id='line_1_1' title="bbox 239 109 1031 158; baseline 0.009 -7"><span class='ocrx_word' id='word_1_1' title='bbox 239 109 299 152; x_wconf 82' lang='grc'><strong>24</strong></span> <span class='ocrx_word' id='word_1_2' title='bbox 747 139 751 152; x_wconf 81' lang='lat'><strong>.</strong></span> <span class='ocrx_word' id='word_1_3' title='bbox 852 111 1031 158; x_wconf 80' lang='lat' dir='ltr'>INDEX</span> 
     </span>
    </p>

    <p class='ocr_par' dir='ltr' id='par_1_2' title="bbox 243 192 1716 328">
     <span class='ocr_line' id='line_1_2' title="bbox 243 192 1716 279; baseline 0.013 -25"><span class='ocrx_word' id='word_1_4' title='bbox 243 218 378 266; x_wconf 80' lang='lat' dir='ltr'><strong>Copula</strong></span> <span class='ocrx_word' id='word_1_5' title='bbox 401 231 471 257; x_wconf 86' lang='grc' dir='ltr'>ιιοιι</span> <span class='ocrx_word' id='word_1_6' title='bbox 493 221 634 258; x_wconf 78' lang='lat' dir='ltr'><strong>additur</strong></span> <span class='ocrx_word' id='word_1_7' title='bbox 656 223 855 270; x_wconf 80' lang='lat' dir='ltr'><strong>adiectivo,</strong></span> <span class='ocrx_word' id='word_1_8' title='bbox 885 238 956 273; x_wconf 83' lang='lat' dir='ltr'><strong>quo</strong></span> <span class='ocrx_word' id='word_1_9' title='bbox 980 228 1145 266; x_wconf 78' lang='lat' dir='ltr'><strong>universa</strong></span> <span class='ocrx_word' id='word_1_10' title='bbox 1165 241 1223 267; x_wconf 77' lang='lat' dir='ltr'><strong>res</strong></span> <span class='ocrx_word' id='word_1_11' title='bbox 1244 225 1567 279; x_wconf 70' lang='lat' dir='ltr'><strong>eomprehenditur,</strong></span> <span class='ocrx_word' id='word_1_12' title='bbox 1590 234 1632 271; x_wconf 83' lang='lat' dir='ltr'><strong>C.</strong></span> <span class='ocrx_word' id='word_1_13' title='bbox 1694 192 1716 244; x_wconf 50' lang='lat' dir='ltr'><strong>i</strong></span> 
     </span>
     <span class='ocr_line' id='line_1_3' title="bbox 333 275 1534 335; baseline 0.014 -23"><span class='ocrx_word' id='word_1_14' title='bbox 333 275 449 320; x_wconf 92' lang='grc'>15,1.</span> <span class='ocrx_word' id='word_1_15' title='bbox 495 280 611 325; x_wconf 79' lang='grc'>43,.2</span> <span class='ocrx_word' id='word_1_16' title='bbox 657 282 800 328; x_wconf 85' lang='grc'>52,.36</span> <span class='ocrx_word' id='word_1_17' title='bbox 847 285 1019 330; x_wconf 89' lang='grc' dir='ltr'>Ι.27,.5</span> <span class='ocrx_word' id='word_1_18' title='bbox 1064 287 1184 331; x_wconf 89' lang='grc'>32,.1</span> <span class='ocrx_word' id='word_1_19' title='bbox 1229 289 1347 333; x_wconf 88' lang='grc'>66,.1</span> <span class='ocrx_word' id='word_1_20' title='bbox 1393 292 1534 335; x_wconf 86' lang='grc'>86,.1</span> 
     </span>
    </p>

    <p class='ocr_par' dir='ltr' id='par_1_3' title="bbox 243 334 1632 438">
     <span class='ocr_line' id='line_1_4' title="bbox 243 334 1632 396; baseline 0.014 -29"><span class='ocrx_word' id='word_1_21' title='bbox 243 334 327 381; x_wconf 85' lang='lat' dir='ltr'><strong>Cop</strong></span> <span class='ocrx_word' id='word_1_22' title='bbox 317 337 377 374; x_wconf 54' lang='lat' dir='ltr'><strong>ula</strong></span> <span class='ocrx_word' id='word_1_23' title='bbox 406 336 495 372; x_wconf 82' lang='lat' dir='ltr'><strong>inter</strong></span> <span class='ocrx_word' id='word_1_24' title='bbox 514 342 583 376; x_wconf 82' lang='lat' dir='ltr'><strong>duo</strong></span> <span class='ocrx_word' id='word_1_25' title='bbox 609 344 780 378; x_wconf 79' lang='lat' dir='ltr'><strong>vocabula</strong></span> <span class='ocrx_word' id='word_1_26' title='bbox 806 345 946 388; x_wconf 80' lang='lat' dir='ltr'><strong>quando</strong></span> <span class='ocrx_word' id='word_1_27' title='bbox 967 345 1084 380; x_wconf 88' lang='lat' dir='ltr'><strong>omitti</strong></span> <span class='ocrx_word' id='word_1_28' title='bbox 1113 347 1238 391; x_wconf 83' lang='lat' dir='ltr'><strong>possit,</strong></span> <span class='ocrx_word' id='word_1_29' title='bbox 1272 350 1312 384; x_wconf 85' lang='lat' dir='ltr'><strong>C.</strong></span> <span class='ocrx_word' id='word_1_30' title='bbox 1335 349 1402 396; x_wconf 96' lang='grc'><strong>20,</strong></span> <span class='ocrx_word' id='word_1_31' title='bbox 1422 350 1463 388; x_wconf 81' lang='grc'><strong>2.</strong></span> <span class='ocrx_word' id='word_1_32' title='bbox 1505 350 1575 395; x_wconf 96' lang='grc'><strong>43,</strong></span> <span class='ocrx_word' id='word_1_33' title='bbox 1596 352 1632 387; x_wconf 87' lang='grc'>2.</span> 
     </span>
     <span class='ocr_line' id='line_1_5' title="bbox 332 393 1110 445; baseline 0.014 -18"><span class='ocrx_word' id='word_1_34' title='bbox 332 393 506 438; x_wconf 87' lang='grc'>1.20,8.</span> <span class='ocrx_word' id='word_1_35' title='bbox 553 398 694 441; x_wconf 86' lang='grc'>31,.19</span> <span class='ocrx_word' id='word_1_36' title='bbox 740 399 945 445; x_wconf 86' lang='grc'>85,7·.47</span> <span class='ocrx_word' id='word_1_37' title='bbox 990 402 1110 444; x_wconf 89' lang='grc'>87,2.</span> 
     </span>
    </p>

    <p class='ocr_par' dir='ltr' id='par_1_4' title="bbox 241 449 1635 554">
     <span class='ocr_line' id='line_1_6' title="bbox 241 449 1635 554; baseline 0.013 -69"><span class='ocrx_word' id='word_1_38' title='bbox 241 449 400 554; x_wconf 50' lang='grc' dir='ltr'><strong>θορυζιὲ</strong></span> <span class='ocrx_word' id='word_1_39' title='bbox 411 452 502 545; x_wconf 61' lang='lat' dir='ltr'><strong>igter</strong></span> <span class='ocrx_word' id='word_1_40' title='bbox 533 456 602 491; x_wconf 84' lang='lat' dir='ltr'><strong>duo</strong></span> <span class='ocrx_word' id='word_1_41' title='bbox 627 459 797 494; x_wconf 79' lang='lat' dir='ltr'><strong>vocabula</strong></span> <span class='ocrx_word' id='word_1_42' title='bbox 822 459 885 494; x_wconf 87' lang='lat' dir='ltr'><strong>nbi</strong></span> <span class='ocrx_word' id='word_1_43' title='bbox 908 459 1025 495; x_wconf 85' lang='lat' dir='ltr'><strong>omitti</strong></span> <span class='ocrx_word' id='word_1_44' title='bbox 1047 464 1217 507; x_wconf 77' lang='lat' dir='ltr'><strong>nequeat,</strong></span> <span class='ocrx_word' id='word_1_45' title='bbox 1257 462 1287 498; x_wconf 87' lang='lat'><strong>1.</strong></span> <span class='ocrx_word' id='word_1_46' title='bbox 1316 463 1385 510; x_wconf 87' lang='lat'><strong>38,</strong></span> <span class='ocrx_word' id='word_1_47' title='bbox 1416 464 1455 501; x_wconf 83' lang='lat'><strong>9.</strong></span> <span class='ocrx_word' id='word_1_48' title='bbox 1497 464 1566 510; x_wconf 90' lang='grc'><strong>62,</strong></span> <span class='ocrx_word' id='word_1_49' title='bbox 1599 465 1635 502; x_wconf 91' lang='grc'><strong>1.</strong></span> 
     </span>
    </p>

    <p class='ocr_par' dir='ltr' id='par_1_5' title="bbox 241 545 1395 622">
     <span class='ocr_line' id='line_1_7' title="bbox 241 545 1395 622; baseline 0.013 -23"><span class='ocrx_word' id='word_1_50' title='bbox 241 565 375 611; x_wconf 80' lang='lat' dir='ltr'><em>Copula</em></span> <span class='ocrx_word' id='word_1_51' title='bbox 398 568 496 603; x_wconf 84' lang='lat' dir='ltr'><strong>ubi·</strong></span> <span class='ocrx_word' id='word_1_52' title='bbox 482 581 520 604; x_wconf 87' lang='lat' dir='ltr'>m</span> <span class='ocrx_word' id='word_1_53' title='bbox 542 575 708 616; x_wconf 83' lang='lat' dir='ltr'><strong>quattuor</strong></span> <span class='ocrx_word' id='word_1_54' title='bbox 729 573 910 610; x_wconf 79' lang='lat' dir='ltr'><strong>vocabulis</strong></span> <span class='ocrx_word' id='word_1_55' title='bbox 931 545 1047 611; x_wconf 88' lang='lat' dir='ltr'><strong>omitti</strong></span> <span class='ocrx_word' id='word_1_56' title='bbox 1067 580 1228 621; x_wconf 79' lang='lat' dir='ltr'><strong>nequeat,</strong></span> <span class='ocrx_word' id='word_1_57' title='bbox 1250 578 1278 613; x_wconf 86' lang='lat'><strong>1.</strong></span> <span class='ocrx_word' id='word_1_58' title='bbox 1301 579 1336 622; x_wconf 90' lang='grc'><strong>2,</strong></span> <span class='ocrx_word' id='word_1_59' title='bbox 1359 579 1395 615; x_wconf 90' lang='grc'><strong>2.</strong></span> 
     </span>
    </p>

    <p class='ocr_par' dir='ltr' id='par_1_6' title="bbox 242 623 1637 778">
     <span class='ocr_line' id='line_1_8' title="bbox 242 623 1637 684; baseline 0.009 -25"><span class='ocrx_word' id='word_1_60' title='bbox 242 623 378 670; x_wconf 80' lang='lat' dir='ltr'><em>Copula</em></span> <span class='ocrx_word' id='word_1_61' title='bbox 399 626 516 662; x_wconf 85' lang='lat' dir='ltr'><strong>omitti</strong></span> <span class='ocrx_word' id='word_1_62' title='bbox 536 628 642 667; x_wconf 80' lang='lat' dir='ltr'><strong>solita</strong></span> <span class='ocrx_word' id='word_1_63' title='bbox 664 632 755 667; x_wconf 82' lang='lat' dir='ltr'><strong>inter</strong></span> <span class='ocrx_word' id='word_1_64' title='bbox 777 632 866 667; x_wconf 80' lang='lat' dir='ltr'><strong>duas</strong></span> <span class='ocrx_word' id='word_1_65' title='bbox 876 638 980 668; x_wconf 72' lang='lat' dir='ltr'><strong>voees</strong></span> <span class='ocrx_word' id='word_1_66' title='bbox 993 633 1136 669; x_wconf 85' lang='lat' dir='ltr'><strong>notione</strong></span> <span class='ocrx_word' id='word_1_67' title='bbox 1157 634 1334 682; x_wconf 79' lang='lat' dir='ltr'><strong>diversas,</strong></span> <span class='ocrx_word' id='word_1_68' title='bbox 1357 638 1418 672; x_wconf 80' lang='lat' dir='ltr'><strong>sed</strong></span> <span class='ocrx_word' id='word_1_69' title='bbox 1438 650 1508 684; x_wconf 80' lang='lat' dir='ltr'><strong>pm·</strong></span> <span class='ocrx_word' id='word_1_70' title='bbox 1525 639 1637 682; x_wconf 83' lang='lat' dir='ltr'><strong>quod-</strong></span> 
     </span>
     <span class='ocr_line' id='line_1_9' title="bbox 334 682 1636 786; baseline 0.012 -69"><span class='ocrx_word' id='word_1_71' title='bbox 334 682 418 786; x_wconf 47' lang='lat' dir='ltr'><strong>{gilii</strong></span> <span class='ocrx_word' id='word_1_72' title='bbox 441 685 651 778; x_wconf 54' lang='lat' dir='ltr'><strong>{fficienteffi</strong></span> <span class='ocrx_word' id='word_1_73' title='bbox 684 690 725 726; x_wconf 87' lang='lat' dir='ltr'><strong>C.</strong></span> <span class='ocrx_word' id='word_1_74' title='bbox 748 690 818 733; x_wconf 94' lang='grc'><strong>11,</strong></span> <span class='ocrx_word' id='word_1_75' title='bbox 848 690 883 726; x_wconf 96' lang='grc'><strong>2.</strong></span> <span class='ocrx_word' id='word_1_76' title='bbox 929 691 958 726; x_wconf 88' lang='lat'><strong>1.</strong></span> <span class='ocrx_word' id='word_1_77' title='bbox 990 691 1058 738; x_wconf 87' lang='grc'><strong>17,</strong></span> <span class='ocrx_word' id='word_1_78' title='bbox 1081 690 1118 728; x_wconf 91' lang='grc'><strong>5.</strong></span> <span class='ocrx_word' id='word_1_79' title='bbox 1163 693 1232 738; x_wconf 87' lang='grc'><strong>60,</strong></span> <span class='ocrx_word' id='word_1_80' title='bbox 1253 693 1292 731; x_wconf 88' lang='lat'><strong>4.</strong></span> <span class='ocrx_word' id='word_1_81' title='bbox 1335 695 1404 739; x_wconf 93' lang='grc'><strong>72,</strong></span> <span class='ocrx_word' id='word_1_82' title='bbox 1427 697 1462 732; x_wconf 90' lang='grc'><strong>2.</strong></span> <span class='ocrx_word' id='word_1_83' title='bbox 1508 697 1577 740; x_wconf 92' lang='grc'><strong>97,</strong></span> <span class='ocrx_word' id='word_1_84' title='bbox 1601 695 1636 732; x_wconf 92' lang='grc'><strong>5.</strong></span> 
     </span>
    </p>
   </div>
   <div class='ocr_carea' id='block_1_2' title="bbox 244 796 1638 904">
    <p class='ocr_par' dir='ltr' id='par_1_7' title="bbox 244 796 1638 897">
     <span class='ocr_line' id='line_1_10' title="bbox 244 796 1638 893; baseline 0.012 -61"><span class='ocrx_word' id='word_1_85' title='bbox 244 796 380 893; x_wconf 63' lang='lat' dir='ltr'><strong>Copulla</strong></span> <span class='ocrx_word' id='word_1_86' title='bbox 409 802 547 846; x_wconf 83' lang='lat' dir='ltr'><strong>quando</strong></span> <span class='ocrx_word' id='word_1_87' title='bbox 570 803 684 839; x_wconf 87' lang='lat' dir='ltr'><strong>omitti</strong></span> <span class='ocrx_word' id='word_1_88' title='bbox 709 805 820 850; x_wconf 81' lang='lat' dir='ltr'><strong>possit</strong></span> <span class='ocrx_word' id='word_1_89' title='bbox 849 804 942 841; x_wconf 86' lang='lat' dir='ltr'><strong>inter</strong></span> <span class='ocrx_word' id='word_1_90' title='bbox 971 807 1039 842; x_wconf 78' lang='lat' dir='ltr'><strong>duo</strong></span> <span class='ocrx_word' id='word_1_91' title='bbox 1064 806 1240 844; x_wconf 77' lang='lat' dir='ltr'><strong>adieetiva</strong></span> <span class='ocrx_word' id='word_1_92' title='bbox 1273 809 1418 846; x_wconf 85' lang='lat' dir='ltr'><strong>nomini</strong></span> <span class='ocrx_word' id='word_1_93' title='bbox 1428 813 1638 859; x_wconf 73' lang='lat' dir='ltr'><strong>postposita,</strong></span> 
     </span>
     <span class='ocr_line' id='line_1_11' title="bbox 386 859 692 904; baseline 0.01 -10"><span class='ocrx_word' id='word_1_94' title='bbox 386 859 504 903; x_wconf 70' lang='grc' dir='ltr'>28,4ι.</span> <span class='ocrx_word' id='word_1_95' title='bbox 551 860 633 904; x_wconf 88' lang='grc'>106,</span> <span class='ocrx_word' id='word_1_96' title='bbox 657 862 692 897; x_wconf 97' lang='grc'><strong>2.</strong></span> 
     </span>
    </p>
   </div>
   <div class='ocr_carea' id='block_1_3' title="bbox 246 912 1638 1020">
    <p class='ocr_par' dir='ltr' id='par_1_8' title="bbox 246 912 1638 1012">
     <span class='ocr_line' id='line_1_12' title="bbox 246 912 1638 1009; baseline 0.01 -60"><span class='ocrx_word' id='word_1_97' title='bbox 246 912 381 1009; x_wconf 59' lang='lat' dir='ltr'><strong>copugga</strong></span> <span class='ocrx_word' id='word_1_98' title='bbox 404 918 466 952; x_wconf 90' lang='lat' dir='ltr'><strong>nbi</strong></span> <span class='ocrx_word' id='word_1_99' title='bbox 481 919 598 955; x_wconf 86' lang='lat' dir='ltr'><strong>omitti</strong></span> <span class='ocrx_word' id='word_1_100' title='bbox 623 919 734 964; x_wconf 77' lang='lat' dir='ltr'><strong>possit</strong></span> <span class='ocrx_word' id='word_1_101' title='bbox 755 920 847 956; x_wconf 82' lang='lat' dir='ltr'><strong>inter</strong></span> <span class='ocrx_word' id='word_1_102' title='bbox 868 921 936 957; x_wconf 77' lang='lat' dir='ltr'><strong>duo</strong></span> <span class='ocrx_word' id='word_1_103' title='bbox 952 921 1127 958; x_wconf 76' lang='lat' dir='ltr'><strong>adiectiva</strong></span> <span class='ocrx_word' id='word_1_104' title='bbox 1148 922 1283 959; x_wconf 86' lang='lat' dir='ltr'><strong>nomini</strong></span> <span class='ocrx_word' id='word_1_105' title='bbox 1299 926 1508 971; x_wconf 71' lang='lat' dir='ltr'><strong>praemissa,</strong></span> <span class='ocrx_word' id='word_1_106' title='bbox 1530 927 1558 962; x_wconf 87' lang='lat'><strong>1.</strong></span> <span class='ocrx_word' id='word_1_107' title='bbox 1577 926 1638 973; x_wconf 91' lang='grc'><strong>30,</strong></span> 
     </span>
     <span class='ocr_line' id='line_1_13' title="bbox 419 975 699 1020; baseline 0.004 -9"><span class='ocrx_word' id='word_1_108' title='bbox 419 975 478 1020; x_wconf 92' lang='grc'><strong>38,</strong></span> <span class='ocrx_word' id='word_1_109' title='bbox 497 976 533 1012; x_wconf 89' lang='grc'><strong>6.</strong></span> <span class='ocrx_word' id='word_1_110' title='bbox 579 977 639 1020; x_wconf 91' lang='grc'><strong>79,</strong></span> <span class='ocrx_word' id='word_1_111' title='bbox 662 978 699 1015; x_wconf 83' lang='lat'><strong>3.</strong></span> 
     </span>
    </p>
   </div>
   <div class='ocr_carea' id='block_1_4' title="bbox 249 1027 1642 1084">
    <p class='ocr_par' dir='ltr' id='par_1_9' title="bbox 249 1027 1642 1084">
     <span class='ocr_line' id='line_1_14' title="bbox 249 1027 1642 1084; baseline 0.009 -20"><span class='ocrx_word' id='word_1_112' title='bbox 249 1027 384 1075; x_wconf 83' lang='lat' dir='ltr'><strong><em>Copula</em></strong></span> <span class='ocrx_word' id='word_1_113' title='bbox 413 1045 493 1079; x_wconf 79' lang='lat' dir='ltr'><strong>que</strong></span> <span class='ocrx_word' id='word_1_114' title='bbox 515 1040 681 1080; x_wconf 86' lang='lat' dir='ltr'><strong>sequente</strong></span> <span class='ocrx_word' id='word_1_115' title='bbox 703 1036 823 1071; x_wconf 85' lang='lat' dir='ltr'><strong>littera</strong></span> <span class='ocrx_word' id='word_1_116' title='bbox 845 1048 866 1071; x_wconf 86' lang='lat' dir='ltr'><strong>o</strong></span> <span class='ocrx_word' id='word_1_117' title='bbox 889 1035 1096 1082; x_wconf 80' lang='lat' dir='ltr'><strong>intercepta,</strong></span> <span class='ocrx_word' id='word_1_118' title='bbox 1119 1038 1148 1074; x_wconf 86' lang='lat'><strong>1.</strong></span> <span class='ocrx_word' id='word_1_119' title='bbox 1165 1037 1223 1081; x_wconf 89' lang='lat'><strong>35,</strong></span> <span class='ocrx_word' id='word_1_120' title='bbox 1244 1039 1289 1082; x_wconf 94' lang='grc'><strong>2,</strong></span> <span class='ocrx_word' id='word_1_121' title='bbox 1313 1039 1350 1075; x_wconf 89' lang='grc'><strong>6.</strong></span> <span class='ocrx_word' id='word_1_122' title='bbox 1394 1039 1456 1082; x_wconf 88' lang='lat'><strong>38,</strong></span> <span class='ocrx_word' id='word_1_123' title='bbox 1476 1039 1512 1075; x_wconf 91' lang='grc'><strong>9.</strong></span> <span class='ocrx_word' id='word_1_124' title='bbox 1535 1040 1594 1084; x_wconf 89' lang='grc'><strong>79,</strong></span> <span class='ocrx_word' id='word_1_125' title='bbox 1603 1041 1642 1078; x_wconf 92' lang='grc'><strong>3.</strong></span> 
     </span>
    </p>
   </div>
   <div class='ocr_carea' id='block_1_5' title="bbox 250 1086 1704 1192">
    <p class='ocr_par' dir='ltr' id='par_1_10' title="bbox 250 1086 1704 1192">
     <span class='ocr_line' id='line_1_15' title="bbox 250 1086 1704 1192; baseline 0.009 -69"><span class='ocrx_word' id='word_1_126' title='bbox 250 1086 400 1192; x_wconf 52' lang='grc' dir='ltr'>θορυὲἶ</span> <span class='ocrx_word' id='word_1_127' title='bbox 401 1103 481 1136; x_wconf 80' lang='lat' dir='ltr'><strong>que</strong></span> <span class='ocrx_word' id='word_1_128' title='bbox 503 1094 665 1137; x_wconf 79' lang='lat' dir='ltr'><strong>proxima</strong></span> <span class='ocrx_word' id='word_1_129' title='bbox 687 1106 776 1140; x_wconf 72' lang='lat' dir='ltr'><strong>quae</strong></span> <span class='ocrx_word' id='word_1_130' title='bbox 792 1106 881 1130; x_wconf 80' lang='lat' dir='ltr'><strong>voce</strong></span> <span class='ocrx_word' id='word_1_131' title='bbox 902 1094 1108 1141; x_wconf 78' lang='lat' dir='ltr'><strong>intercepta,</strong></span> <span class='ocrx_word' id='word_1_132' title='bbox 1131 1098 1171 1134; x_wconf 85' lang='lat' dir='ltr'><strong>C.</strong></span> <span class='ocrx_word' id='word_1_133' title='bbox 1193 1097 1230 1141; x_wconf 89' lang='lat'><strong>3,</strong></span> <span class='ocrx_word' id='word_1_134' title='bbox 1243 1095 1302 1134; x_wconf 92' lang='grc'><strong>5.</strong></span> <span class='ocrx_word' id='word_1_135' title='bbox 1324 1099 1354 1137; x_wconf 85' lang='lat'><strong>1.</strong></span> <span class='ocrx_word' id='word_1_136' title='bbox 1376 1098 1434 1144; x_wconf 88' lang='grc'><strong>27,</strong></span> <span class='ocrx_word' id='word_1_137' title='bbox 1451 1097 1488 1135; x_wconf 91' lang='grc'><strong>5.</strong></span> <span class='ocrx_word' id='word_1_138' title='bbox 1531 1099 1641 1144; x_wconf 69' lang='grc'>36,1.</span> <span class='ocrx_word' id='word_1_139' title='bbox 1697 1093 1704 1104; x_wconf 86' lang='grc'><em>“</em></span> 
     </span>
     <span class='ocr_line' id='line_1_16' title="bbox 423 1148 460 1184; baseline 0 0"><span class='ocrx_word' id='word_1_140' title='bbox 423 1148 460 1184; x_wconf 88' lang='lat'>4.</span> 
     </span>
    </p>
   </div>
   <div class='ocr_carea' id='block_1_6' title="bbox 249 1202 1642 1889">
    <p class='ocr_par' dir='ltr' id='par_1_11' title="bbox 249 1202 781 1254">
     <span class='ocr_line' id='line_1_17' title="bbox 249 1202 781 1254; baseline 0.012 -16"><span class='ocrx_word' id='word_1_141' title='bbox 249 1202 453 1250; x_wconf 74' lang='lat' dir='ltr'><strong>Cornficius</strong></span> <span class='ocrx_word' id='word_1_142' title='bbox 478 1207 571 1254; x_wconf 65' lang='lat' dir='ltr'><strong>(Q),</strong></span> <span class='ocrx_word' id='word_1_143' title='bbox 600 1209 641 1244; x_wconf 83' lang='lat' dir='ltr'><strong>C.</strong></span> <span class='ocrx_word' id='word_1_144' title='bbox 663 1208 722 1251; x_wconf 85' lang='grc'><strong>47,</strong></span> <span class='ocrx_word' id='word_1_145' title='bbox 744 1207 781 1244; x_wconf 94' lang='grc'><strong>5.</strong></span> 
     </span>
    </p>

    <p class='ocr_par' dir='ltr' id='par_1_12' title="bbox 251 1261 1642 1425">
     <span class='ocr_line' id='line_1_18' title="bbox 251 1261 1483 1312; baseline 0.006 -16"><span class='ocrx_word' id='word_1_146' title='bbox 251 1261 477 1310; x_wconf 71' lang='lat' dir='ltr'><strong>Cor-rumpere</strong></span> <span class='ocrx_word' id='word_1_147' title='bbox 497 1278 573 1301; x_wconf 81' lang='lat' dir='ltr'><strong>rem</strong></span> <span class='ocrx_word' id='word_1_148' title='bbox 597 1266 622 1302; x_wconf 91' lang='lat' dir='ltr'><strong>i.</strong></span> <span class='ocrx_word' id='word_1_149' title='bbox 647 1279 681 1312; x_wconf 85' lang='lat' dir='ltr'><strong>q.</strong></span> <span class='ocrx_word' id='word_1_150' title='bbox 704 1267 866 1303; x_wconf 80' lang='lat' dir='ltr'><strong>amittere</strong></span> <span class='ocrx_word' id='word_1_151' title='bbox 887 1267 945 1302; x_wconf 84' lang='lat' dir='ltr'><strong>vel</strong></span> <span class='ocrx_word' id='word_1_152' title='bbox 967 1267 1125 1311; x_wconf 82' lang='lat' dir='ltr'><strong>perdere,</strong></span> <span class='ocrx_word' id='word_1_153' title='bbox 1147 1267 1176 1303; x_wconf 89' lang='lat'><strong>1.</strong></span> <span class='ocrx_word' id='word_1_154' title='bbox 1199 1267 1259 1311; x_wconf 88' lang='grc'><strong>64,</strong></span> <span class='ocrx_word' id='word_1_155' title='bbox 1281 1267 1316 1304; x_wconf 88' lang='grc'><strong>5.</strong></span> <span class='ocrx_word' id='word_1_156' title='bbox 1363 1269 1422 1312; x_wconf 88' lang='grc'><strong>79,</strong></span> <span class='ocrx_word' id='word_1_157' title='bbox 1446 1269 1483 1309; x_wconf 85' lang='grc'><strong>7.</strong></span> 
     </span>
     <span class='ocr_line' id='line_1_19' title="bbox 253 1319 1642 1372; baseline 0.006 -16"><span class='ocrx_word' id='word_1_158' title='bbox 253 1319 389 1356; x_wconf 77' lang='lat' dir='ltr'><strong>Cotidie</strong></span> <span class='ocrx_word' id='word_1_159' title='bbox 408 1323 641 1367; x_wconf 77' lang='lat' dir='ltr'><strong>scribendum,</strong></span> <span class='ocrx_word' id='word_1_160' title='bbox 664 1336 734 1360; x_wconf 90' lang='lat' dir='ltr'><strong>non</strong></span> <span class='ocrx_word' id='word_1_161' title='bbox 756 1324 924 1372; x_wconf 77' lang='lat' dir='ltr'><strong>quotidie,</strong></span> <span class='ocrx_word' id='word_1_162' title='bbox 948 1326 990 1362; x_wconf 89' lang='lat' dir='ltr'><strong>C.</strong></span> <span class='ocrx_word' id='word_1_163' title='bbox 1011 1325 1072 1369; x_wconf 70' lang='lat'><strong>14,</strong></span> <span class='ocrx_word' id='word_1_164' title='bbox 1083 1324 1118 1362; x_wconf 78' lang='lat'><strong>4.</strong></span> <span class='ocrx_word' id='word_1_165' title='bbox 1162 1324 1223 1369; x_wconf 82' lang='lat'><strong>48,</strong></span> <span class='ocrx_word' id='word_1_166' title='bbox 1246 1327 1280 1363; x_wconf 82' lang='lat'><strong>2.</strong></span> <span class='ocrx_word' id='word_1_167' title='bbox 1325 1327 1355 1363; x_wconf 89' lang='lat'><strong>1.</strong></span> <span class='ocrx_word' id='word_1_168' title='bbox 1377 1326 1433 1369; x_wconf 84' lang='lat'><strong>45,</strong></span> <span class='ocrx_word' id='word_1_169' title='bbox 1457 1328 1492 1364; x_wconf 88' lang='grc'><strong>2.</strong></span> <span class='ocrx_word' id='word_1_170' title='bbox 1538 1327 1642 1372; x_wconf 86' lang='grc'>91,1.</span> 
     </span>
     <span class='ocr_line' id='line_1_20' title="bbox 251 1377 670 1425; baseline 0.01 -12"><span class='ocrx_word' id='word_1_171' title='bbox 251 1377 357 1414; x_wconf 82' lang='lat' dir='ltr'><strong>cotta</strong></span> <span class='ocrx_word' id='word_1_172' title='bbox 373 1379 467 1425; x_wconf 68' lang='lat' dir='ltr'><strong>(L),</strong></span> <span class='ocrx_word' id='word_1_173' title='bbox 488 1382 528 1416; x_wconf 86' lang='lat' dir='ltr'><strong>C.</strong></span> <span class='ocrx_word' id='word_1_174' title='bbox 553 1382 613 1425; x_wconf 88' lang='lat'><strong>18,</strong></span> <span class='ocrx_word' id='word_1_175' title='bbox 636 1381 670 1416; x_wconf 80' lang='lat'><strong>4.</strong></span> 
     </span>
    </p>

    <p class='ocr_par' dir='ltr' id='par_1_13' title="bbox 252 1436 1183 1485">
     <span class='ocr_line' id='line_1_21' title="bbox 252 1436 1183 1485; baseline 0.006 -15"><span class='ocrx_word' id='word_1_176' title='bbox 252 1436 378 1472; x_wconf 80' lang='lat' dir='ltr'><strong><em>Creber</em></strong></span> <span class='ocrx_word' id='word_1_177' title='bbox 406 1439 582 1482; x_wconf 85' lang='lat' dir='ltr'><strong>quomodo</strong></span> <span class='ocrx_word' id='word_1_178' title='bbox 605 1440 748 1476; x_wconf 76' lang='lat' dir='ltr'><strong>differat</strong></span> <span class='ocrx_word' id='word_1_179' title='bbox 770 1450 794 1475; x_wconf 82' lang='grc' dir='ltr'><strong>ιι</strong></span> <span class='ocrx_word' id='word_1_180' title='bbox 809 1441 990 1485; x_wconf 74' lang='lat' dir='ltr'><strong>frequens,</strong></span> <span class='ocrx_word' id='word_1_181' title='bbox 1012 1439 1042 1473; x_wconf 83' lang='grc' dir='ltr'><strong>Ι.</strong></span> <span class='ocrx_word' id='word_1_182' title='bbox 1065 1437 1124 1484; x_wconf 81' lang='grc'><strong>45,</strong></span> <span class='ocrx_word' id='word_1_183' title='bbox 1145 1439 1183 1476; x_wconf 80' lang='grc'><strong>2.</strong></span> 
     </span>
    </p>

    <p class='ocr_par' dir='ltr' id='par_1_14' title="bbox 252 1493 1051 1540">
     <span class='ocr_line' id='line_1_22' title="bbox 252 1493 1051 1540; baseline 0.005 -12"><span class='ocrx_word' id='word_1_184' title='bbox 252 1493 473 1531; x_wconf 76' lang='lat' dir='ltr'><strong>Creditorum</strong></span> <span class='ocrx_word' id='word_1_185' title='bbox 495 1495 533 1531; x_wconf 88' lang='lat' dir='ltr'><strong>in</strong></span> <span class='ocrx_word' id='word_1_186' title='bbox 556 1498 730 1533; x_wconf 78' lang='lat' dir='ltr'><strong>debitores</strong></span> <span class='ocrx_word' id='word_1_187' title='bbox 751 1497 846 1540; x_wconf 76' lang='lat' dir='ltr'><strong>iura,</strong></span> <span class='ocrx_word' id='word_1_188' title='bbox 870 1498 910 1532; x_wconf 87' lang='lat' dir='ltr'><strong>C.</strong></span> <span class='ocrx_word' id='word_1_189' title='bbox 932 1496 992 1540; x_wconf 89' lang='grc'><strong>33,</strong></span> <span class='ocrx_word' id='word_1_190' title='bbox 1011 1496 1051 1532; x_wconf 63' lang='grc'><strong>’1.</strong></span> 
     </span>
    </p>

    <p class='ocr_par' dir='ltr' id='par_1_15' title="bbox 255 1551 917 1599">
     <span class='ocr_line' id='line_1_23' title="bbox 255 1551 917 1599; baseline 0.005 -13"><span class='ocrx_word' id='word_1_191' title='bbox 255 1551 367 1587; x_wconf 82' lang='lat' dir='ltr'><strong>Credo</strong></span> <span class='ocrx_word' id='word_1_192' title='bbox 394 1553 527 1589; x_wconf 85' lang='lat' dir='ltr'><strong>ironice</strong></span> <span class='ocrx_word' id='word_1_193' title='bbox 548 1555 694 1599; x_wconf 84' lang='lat' dir='ltr'><strong>dictum,</strong></span> <span class='ocrx_word' id='word_1_194' title='bbox 718 1556 758 1590; x_wconf 90' lang='lat' dir='ltr'><strong>C.</strong></span> <span class='ocrx_word' id='word_1_195' title='bbox 778 1553 839 1598; x_wconf 84' lang='grc'><strong>52,</strong></span> <span class='ocrx_word' id='word_1_196' title='bbox 869 1554 917 1590; x_wconf 88' lang='grc'><strong>13</strong></span> 
     </span>
    </p>

    <p class='ocr_par' dir='ltr' id='par_1_16' title="bbox 255 1608 971 1656">
     <span class='ocr_line' id='line_1_24' title="bbox 255 1608 971 1656; baseline 0.006 -12"><span class='ocrx_word' id='word_1_197' title='bbox 255 1608 368 1645; x_wconf 84' lang='lat' dir='ltr'><strong>Credo</strong></span> <span class='ocrx_word' id='word_1_198' title='bbox 393 1610 469 1646; x_wconf 81' lang='lat' dir='ltr'><strong>sine</strong></span> <span class='ocrx_word' id='word_1_199' title='bbox 492 1611 605 1648; x_wconf 86' lang='lat' dir='ltr'><strong>ironia</strong></span> <span class='ocrx_word' id='word_1_200' title='bbox 628 1613 772 1656; x_wconf 82' lang='lat' dir='ltr'><strong>dictum,</strong></span> <span class='ocrx_word' id='word_1_201' title='bbox 800 1613 827 1648; x_wconf 92' lang='grc' dir='ltr'><strong>Ι.</strong></span> <span class='ocrx_word' id='word_1_202' title='bbox 852 1612 911 1656; x_wconf 89' lang='grc'><strong>90,</strong></span> <span class='ocrx_word' id='word_1_203' title='bbox 935 1613 971 1648; x_wconf 93' lang='grc'><strong>1.</strong></span> 
     </span>
    </p>

    <p class='ocr_par' dir='ltr' id='par_1_17' title="bbox 256 1666 1338 1717">
     <span class='ocr_line' id='line_1_25' title="bbox 256 1666 1338 1717; baseline 0.006 -15"><span class='ocrx_word' id='word_1_204' title='bbox 256 1666 370 1702; x_wconf 84' lang='lat' dir='ltr'><strong>Credo</strong></span> <span class='ocrx_word' id='word_1_205' title='bbox 397 1668 550 1704; x_wconf 76' lang='lat' dir='ltr'><strong>orationi</strong></span> <span class='ocrx_word' id='word_1_206' title='bbox 573 1670 649 1705; x_wconf 82' lang='lat' dir='ltr'><strong>sine</strong></span> <span class='ocrx_word' id='word_1_207' title='bbox 667 1671 840 1716; x_wconf 84' lang='lat' dir='ltr'><strong>regimine</strong></span> <span class='ocrx_word' id='word_1_208' title='bbox 867 1669 1112 1717; x_wconf 79' lang='lat' dir='ltr'><strong>interponitur,</strong></span> <span class='ocrx_word' id='word_1_209' title='bbox 1137 1671 1177 1708; x_wconf 85' lang='lat' dir='ltr'><strong>C.</strong></span> <span class='ocrx_word' id='word_1_210' title='bbox 1197 1670 1255 1716; x_wconf 86' lang='grc'><strong>52,</strong></span> <span class='ocrx_word' id='word_1_211' title='bbox 1279 1671 1338 1708; x_wconf 66' lang='lat' dir='ltr'><strong>ffi.</strong></span> 
     </span>
    </p>

    <p class='ocr_par' dir='ltr' id='par_1_18' title="bbox 257 1724 1462 1830">
     <span class='ocr_line' id='line_1_26' title="bbox 258 1724 1462 1775; baseline 0.007 -16"><span class='ocrx_word' id='word_1_212' title='bbox 258 1724 380 1760; x_wconf 73' lang='lat' dir='ltr'><strong>vultus</strong></span> <span class='ocrx_word' id='word_1_213' title='bbox 412 1726 549 1772; x_wconf 68' lang='lat' dir='ltr'><strong>explic„</strong></span> <span class='ocrx_word' id='word_1_214' title='bbox 571 1729 611 1764; x_wconf 86' lang='lat' dir='ltr'><strong>C.</strong></span> <span class='ocrx_word' id='word_1_215' title='bbox 636 1729 695 1772; x_wconf 91' lang='lat'><strong>13,</strong></span> <span class='ocrx_word' id='word_1_216' title='bbox 718 1729 754 1765; x_wconf 89' lang='lat'><strong>3.</strong></span> <span class='ocrx_word' id='word_1_217' title='bbox 801 1728 861 1774; x_wconf 85' lang='lat'><strong>48,</strong></span> <span class='ocrx_word' id='word_1_218' title='bbox 885 1728 920 1763; x_wconf 88' lang='grc'><strong>3.</strong></span> <span class='ocrx_word' id='word_1_219' title='bbox 967 1729 998 1764; x_wconf 92' lang='lat'><strong>1.</strong></span> <span class='ocrx_word' id='word_1_220' title='bbox 1021 1728 1079 1774; x_wconf 88' lang='grc'><strong>75,</strong></span> <span class='ocrx_word' id='word_1_221' title='bbox 1103 1729 1138 1764; x_wconf 94' lang='lat'><strong>1.</strong></span> <span class='ocrx_word' id='word_1_222' title='bbox 1181 1726 1242 1774; x_wconf 84' lang='grc'><strong>78,</strong></span> <span class='ocrx_word' id='word_1_223' title='bbox 1263 1729 1301 1771; x_wconf 83' lang='grc'><strong>4,</strong></span> <span class='ocrx_word' id='word_1_224' title='bbox 1345 1727 1403 1775; x_wconf 81' lang='grc'><strong>95,</strong></span> <span class='ocrx_word' id='word_1_225' title='bbox 1424 1731 1462 1766; x_wconf 84' lang='grc'><strong>2.</strong></span> 
     </span>
     <span class='ocr_line' id='line_1_27' title="bbox 257 1781 999 1830; baseline 0.004 -13"><span class='ocrx_word' id='word_1_226' title='bbox 257 1781 378 1819; x_wconf 74' lang='lat' dir='ltr'><strong>Cultus</strong></span> <span class='ocrx_word' id='word_1_227' title='bbox 407 1784 434 1819; x_wconf 81' lang='lat' dir='ltr'><strong>i.</strong></span> <span class='ocrx_word' id='word_1_228' title='bbox 458 1796 493 1829; x_wconf 86' lang='lat' dir='ltr'><strong>q.</strong></span> <span class='ocrx_word' id='word_1_229' title='bbox 517 1787 657 1822; x_wconf 73' lang='lat' dir='ltr'><strong>cunum</strong></span> <span class='ocrx_word' id='word_1_230' title='bbox 680 1791 806 1830; x_wconf 79' lang='lat' dir='ltr'><strong>terrae,</strong></span> <span class='ocrx_word' id='word_1_231' title='bbox 829 1787 856 1821; x_wconf 86' lang='grc' dir='ltr'><strong>Ι.</strong></span> <span class='ocrx_word' id='word_1_232' title='bbox 880 1785 939 1828; x_wconf 91' lang='grc'><strong>48,</strong></span> <span class='ocrx_word' id='word_1_233' title='bbox 962 1785 999 1821; x_wconf 87' lang='lat'><strong>3.</strong></span> 
     </span>
    </p>

    <p class='ocr_par' dir='ltr' id='par_1_19' title="bbox 259 1840 1152 1889">
     <span class='ocr_line' id='line_1_28' title="bbox 259 1840 1152 1889; baseline 0.003 -13"><span class='ocrx_word' id='word_1_234' title='bbox 259 1840 344 1877; x_wconf 81' lang='lat' dir='ltr'><strong>Cum</strong></span> <span class='ocrx_word' id='word_1_235' title='bbox 371 1843 584 1879; x_wconf 76' lang='lat' dir='ltr'><strong>condicionis</strong></span> <span class='ocrx_word' id='word_1_236' title='bbox 605 1846 812 1889; x_wconf 84' lang='lat' dir='ltr'><strong>potestatem</strong></span> <span class='ocrx_word' id='word_1_237' title='bbox 834 1845 963 1886; x_wconf 75' lang='lat' dir='ltr'><strong>habet,</strong></span> <span class='ocrx_word' id='word_1_238' title='bbox 985 1845 1014 1880; x_wconf 85' lang='lat'><strong>1.</strong></span> <span class='ocrx_word' id='word_1_239' title='bbox 1035 1843 1096 1887; x_wconf 87' lang='lat'><strong>86,</strong></span> <span class='ocrx_word' id='word_1_240' title='bbox 1116 1843 1152 1880; x_wconf 88' lang='lat'><strong>3.</strong></span> 
     </span>
    </p>
   </div>
   <div class='ocr_carea' id='block_1_7' title="bbox 260 1900 1647 2002">
    <p class='ocr_par' dir='ltr' id='par_1_20' title="bbox 260 1900 1647 1997">
     <span class='ocr_line' id='line_1_29' title="bbox 260 1900 1647 1948; baseline 0.004 -13"><span class='ocrx_word' id='word_1_241' title='bbox 260 1900 344 1936; x_wconf 77' lang='lat' dir='ltr'><strong>Cum</strong></span> <span class='ocrx_word' id='word_1_242' title='bbox 375 1903 549 1945; x_wconf 90' lang='lat' dir='ltr'><strong>quomodo</strong></span> <span class='ocrx_word' id='word_1_243' title='bbox 571 1900 714 1938; x_wconf 84' lang='lat' dir='ltr'><strong>differat</strong></span> <span class='ocrx_word' id='word_1_244' title='bbox 730 1913 754 1939; x_wconf 83' lang='lat' dir='ltr'>a</span> <span class='ocrx_word' id='word_1_245' title='bbox 779 1903 854 1938; x_wconf 85' lang='lat' dir='ltr'><strong>solo</strong></span> <span class='ocrx_word' id='word_1_246' title='bbox 877 1901 1036 1939; x_wconf 78' lang='lat' dir='ltr'><strong>ablativo</strong></span> <span class='ocrx_word' id='word_1_247' title='bbox 1057 1902 1298 1947; x_wconf 78' lang='lat' dir='ltr'><strong>instrumenti,</strong></span> <span class='ocrx_word' id='word_1_248' title='bbox 1316 1903 1346 1940; x_wconf 91' lang='lat'><strong>1.</strong></span> <span class='ocrx_word' id='word_1_249' title='bbox 1368 1903 1427 1948; x_wconf 84' lang='grc'><strong>65,</strong></span> <span class='ocrx_word' id='word_1_250' title='bbox 1447 1902 1484 1939; x_wconf 88' lang='lat'><strong>3.</strong></span> <span class='ocrx_word' id='word_1_251' title='bbox 1530 1902 1589 1948; x_wconf 85' lang='grc'><strong>85,</strong></span> <span class='ocrx_word' id='word_1_252' title='bbox 1610 1904 1647 1939; x_wconf 78' lang='grc'><strong>3.</strong></span> 
     </span>
     <span class='ocr_line' id='line_1_30' title="bbox 350 1958 488 2002; baseline 0.014 -7"><span class='ocrx_word' id='word_1_253' title='bbox 350 1958 430 2002; x_wconf 88' lang='grc'>105,</span> <span class='ocrx_word' id='word_1_254' title='bbox 453 1960 488 1997; x_wconf 91' lang='grc'><strong>2.</strong></span> 
     </span>
    </p>
   </div>
   <div class='ocr_carea' id='block_1_8' title="bbox 258 2014 1649 2122">
    <p class='ocr_par' dir='ltr' id='par_1_21' title="bbox 258 2014 1649 2112">
     <span class='ocr_line' id='line_1_31' title="bbox 258 2014 1649 2063; baseline 0.001 -11"><span class='ocrx_word' id='word_1_255' title='bbox 258 2014 343 2053; x_wconf 84' lang='lat' dir='ltr'><strong>Cum</strong></span> <span class='ocrx_word' id='word_1_256' title='bbox 374 2018 530 2054; x_wconf 78' lang='lat' dir='ltr'><strong>ablativo</strong></span> <span class='ocrx_word' id='word_1_257' title='bbox 555 2017 708 2055; x_wconf 79' lang='lat' dir='ltr'><strong>nominis</strong></span> <span class='ocrx_word' id='word_1_258' title='bbox 729 2018 900 2062; x_wconf 75' lang='lat' dir='ltr'><strong>udditum,</strong></span> <span class='ocrx_word' id='word_1_259' title='bbox 933 2029 1004 2063; x_wconf 85' lang='lat' dir='ltr'><strong>quo</strong></span> <span class='ocrx_word' id='word_1_260' title='bbox 1025 2018 1173 2055; x_wconf 80' lang='lat' dir='ltr'><strong>verbum</strong></span> <span class='ocrx_word' id='word_1_261' title='bbox 1195 2018 1274 2055; x_wconf 83' lang='lat' dir='ltr'><strong>vice</strong></span> <span class='ocrx_word' id='word_1_262' title='bbox 1294 2018 1453 2056; x_wconf 81' lang='lat' dir='ltr'><strong>adverbii</strong></span> <span class='ocrx_word' id='word_1_263' title='bbox 1472 2017 1649 2062; x_wconf 75' lang='lat' dir='ltr'><strong>definitur,</strong></span> 
     </span>
     <span class='ocr_line' id='line_1_32' title="bbox 350 2068 1065 2122; baseline -0.001 -10"><span class='ocrx_word' id='word_1_264' title='bbox 350 2074 547 2120; x_wconf 86' lang='grc' dir='ltr'>Ῑ1,415.</span> <span class='ocrx_word' id='word_1_265' title='bbox 595 2068 714 2120; x_wconf 86' lang='grc'>53,7.</span> <span class='ocrx_word' id='word_1_266' title='bbox 759 2076 876 2122; x_wconf 89' lang='grc'>54,.1</span> <span class='ocrx_word' id='word_1_267' title='bbox 922 2076 1065 2119; x_wconf 89' lang='grc'>106,4.</span> 
     </span>
    </p>
   </div>
   <div class='ocr_carea' id='block_1_9' title="bbox 259 2099 1650 2234">
    <p class='ocr_par' dir='ltr' id='par_1_22' title="bbox 259 2099 1650 2227">
     <span class='ocr_line' id='line_1_33' title="bbox 259 2099 1650 2180; baseline -0.001 -11"><span class='ocrx_word' id='word_1_268' title='bbox 259 2133 346 2170; x_wconf 81' lang='lat' dir='ltr'><strong>Cum</strong></span> <span class='ocrx_word' id='word_1_269' title='bbox 371 2135 415 2169; x_wconf 81' lang='lat' dir='ltr'><strong>de</strong></span> <span class='ocrx_word' id='word_1_270' title='bbox 438 2135 564 2170; x_wconf 79' lang='lat' dir='ltr'><strong>vestitu</strong></span> <span class='ocrx_word' id='word_1_271' title='bbox 581 2138 618 2170; x_wconf 88' lang='lat' dir='ltr'><strong>et</strong></span> <span class='ocrx_word' id='word_1_272' title='bbox 638 2138 821 2171; x_wconf 73' lang='lat' dir='ltr'><strong>armatura</strong></span> <span class='ocrx_word' id='word_1_273' title='bbox 835 2133 988 2177; x_wconf 78' lang='lat' dir='ltr'><strong>dictum,</strong></span> <span class='ocrx_word' id='word_1_274' title='bbox 1011 2143 1083 2180; x_wconf 71' lang='lat' dir='ltr'><strong>qua</strong></span> <span class='ocrx_word' id='word_1_275' title='bbox 1105 2132 1184 2179; x_wconf 74' lang='lat' dir='ltr'><strong>quis</strong></span> <span class='ocrx_word' id='word_1_276' title='bbox 1206 2134 1340 2180; x_wconf 79' lang='lat' dir='ltr'><strong>utitur,</strong></span> <span class='ocrx_word' id='word_1_277' title='bbox 1369 2134 1400 2172; x_wconf 77' lang='lat'><strong>1,</strong></span> <span class='ocrx_word' id='word_1_278' title='bbox 1421 2099 1503 2177; x_wconf 88' lang='grc'>205,</span> <span class='ocrx_word' id='word_1_279' title='bbox 1525 2132 1565 2169; x_wconf 92' lang='grc'><strong>2.</strong></span> <span class='ocrx_word' id='word_1_280' title='bbox 1607 2131 1650 2168; x_wconf 81' lang='lat' dir='ltr'><strong>C.</strong></span> 
     </span>
     <span class='ocr_line' id='line_1_34' title="bbox 350 2191 632 2234; baseline 0 -8"><span class='ocrx_word' id='word_1_281' title='bbox 350 2191 411 2234; x_wconf 88' lang='grc'><strong>27,</strong></span> <span class='ocrx_word' id='word_1_282' title='bbox 433 2192 470 2227; x_wconf 89' lang='grc'><strong>2.</strong></span> <span class='ocrx_word' id='word_1_283' title='bbox 515 2191 573 2234; x_wconf 89' lang='grc'><strong>60,</strong></span> <span class='ocrx_word' id='word_1_284' title='bbox 595 2191 632 2226; x_wconf 88' lang='grc'><strong>2.</strong></span> 
     </span>
    </p>
   </div>
   <div class='ocr_carea' id='block_1_10' title="bbox 262 2248 1716 2757">
    <p class='ocr_par' dir='ltr' id='par_1_23' title="bbox 262 2248 936 2295">
     <span class='ocr_line' id='line_1_35' title="bbox 262 2248 936 2295; baseline 0.003 -12"><span class='ocrx_word' id='word_1_285' title='bbox 262 2248 377 2283; x_wconf 83' lang='lat' dir='ltr'><strong>cum‘</strong></span> <span class='ocrx_word' id='word_1_286' title='bbox 364 2250 508 2295; x_wconf 68' lang='lat' dir='ltr'><strong>imperio</strong></span> <span class='ocrx_word' id='word_1_287' title='bbox 524 2259 598 2285; x_wconf 68' lang='lat' dir='ltr'><strong>esse</strong></span> <span class='ocrx_word' id='word_1_288' title='bbox 624 2248 753 2294; x_wconf 79' lang='lat' dir='ltr'><strong>explic.</strong></span> <span class='ocrx_word' id='word_1_289' title='bbox 742 2274 767 2293; x_wconf 93' lang='lat'><strong>.‚</strong></span> <span class='ocrx_word' id='word_1_290' title='bbox 790 2250 820 2286; x_wconf 88' lang='grc' dir='ltr'><strong>Ῑ.</strong></span> <span class='ocrx_word' id='word_1_291' title='bbox 839 2249 876 2293; x_wconf 84' lang='grc'><strong>3,</strong></span> <span class='ocrx_word' id='word_1_292' title='bbox 898 2249 936 2285; x_wconf 88' lang='grc'><strong>1.</strong></span> 
     </span>
    </p>

    <p class='ocr_par' dir='ltr' id='par_1_24' title="bbox 262 2305 984 2352">
     <span class='ocr_line' id='line_1_36' title="bbox 262 2305 984 2352; baseline 0.001 -12"><span class='ocrx_word' id='word_1_293' title='bbox 262 2307 346 2341; x_wconf 85' lang='lat' dir='ltr'><strong>Cum</strong></span> <span class='ocrx_word' id='word_1_294' title='bbox 367 2308 482 2342; x_wconf 80' lang='lat' dir='ltr'><strong>animo</strong></span> <span class='ocrx_word' id='word_1_295' title='bbox 499 2308 626 2342; x_wconf 78' lang='lat' dir='ltr'><strong>habere</strong></span> <span class='ocrx_word' id='word_1_296' title='bbox 649 2307 796 2352; x_wconf 85' lang='lat' dir='ltr'><strong>aliquid,</strong></span> <span class='ocrx_word' id='word_1_297' title='bbox 820 2308 847 2342; x_wconf 87' lang='lat'><strong>1.</strong></span> <span class='ocrx_word' id='word_1_298' title='bbox 872 2307 931 2350; x_wconf 92' lang='grc'><strong>11,</strong></span> <span class='ocrx_word' id='word_1_299' title='bbox 948 2305 984 2341; x_wconf 89' lang='grc'><strong>8.</strong></span> 
     </span>
    </p>

    <p class='ocr_par' dir='ltr' id='par_1_25' title="bbox 266 2363 1180 2410">
     <span class='ocr_line' id='line_1_37' title="bbox 266 2363 1180 2410; baseline 0.002 -11"><span class='ocrx_word' id='word_1_300' title='bbox 266 2365 351 2400; x_wconf 84' lang='lat' dir='ltr'><strong>Cum</strong></span> <span class='ocrx_word' id='word_1_301' title='bbox 372 2377 427 2409; x_wconf 84' lang='lat' dir='ltr'><strong>co,</strong></span> <span class='ocrx_word' id='word_1_302' title='bbox 452 2371 504 2408; x_wconf 80' lang='lat' dir='ltr'><strong>ut,</strong></span> <span class='ocrx_word' id='word_1_303' title='bbox 530 2365 557 2400; x_wconf 90' lang='lat' dir='ltr'><strong>i.</strong></span> <span class='ocrx_word' id='word_1_304' title='bbox 579 2377 613 2410; x_wconf 85' lang='lat' dir='ltr'><strong>q.</strong></span> <span class='ocrx_word' id='word_1_305' title='bbox 631 2376 674 2401; x_wconf 76' lang='lat' dir='ltr'><strong>ea</strong></span> <span class='ocrx_word' id='word_1_306' title='bbox 697 2364 909 2409; x_wconf 76' lang='lat' dir='ltr'><strong>condicione,</strong></span> <span class='ocrx_word' id='word_1_307' title='bbox 932 2368 984 2406; x_wconf 86' lang='lat' dir='ltr'><strong>nt,</strong></span> <span class='ocrx_word' id='word_1_308' title='bbox 1007 2363 1037 2398; x_wconf 90' lang='lat'><strong>1.</strong></span> <span class='ocrx_word' id='word_1_309' title='bbox 1060 2363 1119 2408; x_wconf 85' lang='grc'><strong>86,</strong></span> <span class='ocrx_word' id='word_1_310' title='bbox 1141 2364 1180 2401; x_wconf 89' lang='grc'><strong>3.</strong></span> 
     </span>
    </p>

    <p class='ocr_par' dir='ltr' id='par_1_26' title="bbox 262 2419 1421 2471">
     <span class='ocr_line' id='line_1_38' title="bbox 262 2419 1421 2471; baseline 0.001 -14"><span class='ocrx_word' id='word_1_311' title='bbox 262 2423 348 2457; x_wconf 80' lang='lat' dir='ltr'><strong>Cum</strong></span> <span class='ocrx_word' id='word_1_312' title='bbox 364 2434 433 2457; x_wconf 89' lang='grc' dir='ltr'>ιιοιι</span> <span class='ocrx_word' id='word_1_313' title='bbox 448 2424 587 2459; x_wconf 80' lang='lat' dir='ltr'><strong>additur</strong></span> <span class='ocrx_word' id='word_1_314' title='bbox 609 2422 766 2459; x_wconf 78' lang='lat' dir='ltr'><strong>ablativo</strong></span> <span class='ocrx_word' id='word_1_315' title='bbox 788 2424 950 2465; x_wconf 71' lang='lat' dir='ltr'><strong>exercitu,</strong></span> <span class='ocrx_word' id='word_1_316' title='bbox 976 2422 1016 2456; x_wconf 88' lang='lat' dir='ltr'><strong>C.</strong></span> <span class='ocrx_word' id='word_1_317' title='bbox 1031 2420 1092 2465; x_wconf 87' lang='grc'><strong>57,</strong></span> <span class='ocrx_word' id='word_1_318' title='bbox 1113 2422 1148 2457; x_wconf 91' lang='grc'><strong>4.</strong></span> <span class='ocrx_word' id='word_1_319' title='bbox 1194 2421 1223 2458; x_wconf 88' lang='lat'><strong>1.</strong></span> <span class='ocrx_word' id='word_1_320' title='bbox 1244 2421 1302 2466; x_wconf 80' lang='lat'><strong>46,</strong></span> <span class='ocrx_word' id='word_1_321' title='bbox 1323 2419 1361 2458; x_wconf 87' lang='lat'><strong>5.</strong></span> <span class='ocrx_word' id='word_1_322' title='bbox 1416 2466 1421 2471; x_wconf 17' lang='grc' dir='ltr'><strong>ἱ</strong></span> 
     </span>
    </p>

    <p class='ocr_par' dir='ltr' id='par_1_27' title="bbox 263 2476 1651 2583">
     <span class='ocr_line' id='line_1_39' title="bbox 263 2476 1651 2526; baseline -0.004 -10"><span class='ocrx_word' id='word_1_323' title='bbox 263 2481 348 2516; x_wconf 80' lang='lat' dir='ltr'><strong>Cum</strong></span> <span class='ocrx_word' id='word_1_324' title='bbox 363 2481 441 2518; x_wconf 87' lang='lat' dir='ltr'><strong>loco</strong></span> <span class='ocrx_word' id='word_1_325' title='bbox 467 2486 502 2516; x_wconf 83' lang='lat' dir='ltr'><strong>et</strong></span> <span class='ocrx_word' id='word_1_326' title='bbox 526 2482 720 2525; x_wconf 77' lang='lat' dir='ltr'><strong>particulae</strong></span> <span class='ocrx_word' id='word_1_327' title='bbox 742 2480 941 2515; x_wconf 83' lang='lat' dir='ltr'><strong>nominibus</strong></span> <span class='ocrx_word' id='word_1_328' title='bbox 963 2479 1212 2526; x_wconf 78' lang='lat' dir='ltr'><strong>coniungendis</strong></span> <span class='ocrx_word' id='word_1_329' title='bbox 1245 2479 1410 2524; x_wconf 80' lang='lat' dir='ltr'><strong>inservit,</strong></span> <span class='ocrx_word' id='word_1_330' title='bbox 1439 2476 1570 2524; x_wconf 72' lang='lat' dir='ltr'><strong>plurali</strong></span> <span class='ocrx_word' id='word_1_331' title='bbox 1595 2487 1651 2512; x_wconf 82' lang='lat' dir='ltr'><strong>se-</strong></span> 
     </span>
     <span class='ocr_line' id='line_1_40' title="bbox 355 2535 1262 2583; baseline 0.002 -11"><span class='ocrx_word' id='word_1_332' title='bbox 355 2541 493 2583; x_wconf 83' lang='lat' dir='ltr'><strong>quente,</strong></span> <span class='ocrx_word' id='word_1_333' title='bbox 518 2539 559 2572; x_wconf 87' lang='lat' dir='ltr'><strong>C.</strong></span> <span class='ocrx_word' id='word_1_334' title='bbox 582 2538 640 2582; x_wconf 82' lang='lat'><strong>43,</strong></span> <span class='ocrx_word' id='word_1_335' title='bbox 665 2540 699 2574; x_wconf 87' lang='lat'><strong>1.</strong></span> <span class='ocrx_word' id='word_1_336' title='bbox 747 2538 806 2581; x_wconf 87' lang='lat'><strong>46,</strong></span> <span class='ocrx_word' id='word_1_337' title='bbox 828 2537 864 2572; x_wconf 90' lang='grc'><strong>6.</strong></span> <span class='ocrx_word' id='word_1_338' title='bbox 909 2539 938 2573; x_wconf 91' lang='lat'><strong>1.</strong></span> <span class='ocrx_word' id='word_1_339' title='bbox 958 2537 1017 2583; x_wconf 85' lang='lat'><strong>38,</strong></span> <span class='ocrx_word' id='word_1_340' title='bbox 1042 2537 1078 2573; x_wconf 84' lang='lat'><strong>6.</strong></span> <span class='ocrx_word' id='word_1_341' title='bbox 1125 2536 1205 2578; x_wconf 85' lang='lat'><strong>1⁰1,</strong></span> <span class='ocrx_word' id='word_1_342' title='bbox 1227 2535 1262 2574; x_wconf 74' lang='lat'><strong>5.</strong></span> 
     </span>
    </p>

    <p class='ocr_par' dir='ltr' id='par_1_28' title="bbox 266 2588 1716 2695">
     <span class='ocr_line' id='line_1_41' title="bbox 266 2588 1716 2643; baseline -0.003 -12"><span class='ocrx_word' id='word_1_343' title='bbox 266 2594 352 2631; x_wconf 77' lang='lat' dir='ltr'><strong>cum</strong></span> <span class='ocrx_word' id='word_1_344' title='bbox 379 2595 552 2641; x_wconf 80' lang='lat' dir='ltr'><strong>singulari</strong></span> <span class='ocrx_word' id='word_1_345' title='bbox 580 2597 688 2632; x_wconf 87' lang='lat' dir='ltr'><strong>modo</strong></span> <span class='ocrx_word' id='word_1_346' title='bbox 720 2599 930 2643; x_wconf 80' lang='lat' dir='ltr'><strong>usurpatum</strong></span> <span class='ocrx_word' id='word_1_347' title='bbox 956 2595 994 2630; x_wconf 89' lang='lat' dir='ltr'><strong>in</strong></span> <span class='ocrx_word' id='word_1_348' title='bbox 1028 2595 1238 2640; x_wconf 63' lang='lat' dir='ltr'><strong>explicatis-a</strong></span> <span class='ocrx_word' id='word_1_349' title='bbox 1260 2592 1449 2638; x_wconf 73' lang='lat' dir='ltr'><strong>sententia,</strong></span> <span class='ocrx_word' id='word_1_350' title='bbox 1481 2593 1512 2631; x_wconf 87' lang='lat'><strong>1.</strong></span> <span class='ocrx_word' id='word_1_351' title='bbox 1533 2591 1592 2635; x_wconf 71' lang='lat'><strong>49,</strong></span> <span class='ocrx_word' id='word_1_352' title='bbox 1615 2590 1651 2627; x_wconf 91' lang='lat'><strong>1.</strong></span> <span class='ocrx_word' id='word_1_353' title='bbox 1710 2588 1716 2596; x_wconf 85' lang='grc'><em>“</em></span> 
     </span>
     <span class='ocr_line' id='line_1_42' title="bbox 356 2652 498 2695; baseline 0.014 -9"><span class='ocrx_word' id='word_1_354' title='bbox 356 2652 438 2695; x_wconf 89' lang='grc'>100,</span> <span class='ocrx_word' id='word_1_355' title='bbox 461 2653 498 2688; x_wconf 93' lang='grc'><strong>2.</strong></span> 
     </span>
    </p>

    <p class='ocr_par' dir='ltr' id='par_1_29' title="bbox 267 2708 1160 2757">
     <span class='ocr_line' id='line_1_43' title="bbox 267 2708 1160 2757; baseline -0.001 -12"><span class='ocrx_word' id='word_1_356' title='bbox 267 2709 435 2747; x_wconf 80' lang='lat' dir='ltr'><strong>Cunctan’</strong></span> <span class='ocrx_word' id='word_1_357' title='bbox 458 2710 482 2745; x_wconf 89' lang='lat' dir='ltr'><strong>i.</strong></span> <span class='ocrx_word' id='word_1_358' title='bbox 507 2722 542 2757; x_wconf 84' lang='lat' dir='ltr'><strong>q.</strong></span> <span class='ocrx_word' id='word_1_359' title='bbox 564 2711 601 2747; x_wconf 88' lang='lat' dir='ltr'><strong>in</strong></span> <span class='ocrx_word' id='word_1_360' title='bbox 624 2710 756 2747; x_wconf 80' lang='lat' dir='ltr'><strong>incerto</strong></span> <span class='ocrx_word' id='word_1_361' title='bbox 772 2711 929 2755; x_wconf 82' lang='lat' dir='ltr'><strong>habere,</strong></span> <span class='ocrx_word' id='word_1_362' title='bbox 952 2710 994 2746; x_wconf 85' lang='lat' dir='ltr'><strong>C.</strong></span> <span class='ocrx_word' id='word_1_363' title='bbox 1017 2708 1077 2756; x_wconf 87' lang='grc'><strong>52,</strong></span> <span class='ocrx_word' id='word_1_364' title='bbox 1099 2708 1160 2744; x_wconf 78' lang='grc'><strong>25.</strong></span> 
     </span>
    </p>
   </div>
  </div>
 </body>
</html>
