1702 2982
146 196 231 237 138
520 195 568 239 C.
595 195 926 239 SALLUSTI
956 197 1180 242 CRISPI
1235 197 1242 203 “

146 317 280 372 cepta
339 313 545 357 oratione
600 313 859 374 respondit:
914 315 998 360 sibi
1040 330 1188 376 neque
1223 315 1367 362 maius
1408 317 1540 376 quic-

143 423 281 469 quam
318 425 465 469 neque
501 410 646 456 carius
682 412 947 458 auctoritate
981 413 1136 459 Senati
1172 429 1294 468 esse3
1329 413 1387 458 ab
1422 414 1538 458 adu-

139 506 356 552 lescentia
388 507 451 552 ita
485 523 535 553 se
571 509 762 567 enisum,
798 510 862 554 uti
897 510 955 555 ab
985 514 1174 571 optumo
1208 525 1394 570 quoque
1425 526 1538 572 pro—

141 603 349 659 baretur3
394 606 554 651 virtute
569 639 583 663 ‚
629 622 722 652 non
764 607 932 651 malitia
973 606 1026 653 P.
1071 607 1303 668 Scipioni,
1362 622 1538 665 summo

141 701 261 759 viro,
307 703 556 764 placuisse3
609 703 670 749 ob
717 703 901 749 easdem
948 705 1053 749 artis
1099 721 1126 749 a
1171 703 1392 766 Micipsa,
1446 720 1538 750 non

104 800 332 860 3penuria
366 800 632 858 liberorum,
668 801 714 846 in
748 817 941 864 regnum
976 802 1243 864 adoptatum
1273 818 1383 848 esse.
1445 800 1538 847 Ce-

140 903 290 942 terum
337 913 430 957 quo
477 899 613 959 plura
655 898 774 944 bene
818 905 954 958 atque
998 906 1178 945 strenue
1220 900 1425 957 fecisset,
1480 914 1537 944 eo

137 995 335 1040 animum
369 1010 500 1040 suum
534 996 737 1041 iniuriam
771 997 914 1042 minus
949 997 1156 1043 tolerare.
1226 996 1536 1043 Adherbalem

136 1156 202 1180 sua
225 1144 382 1180 additum
405 1145 558 1191 legitur,
583 1146 677 1191 quod
699 1157 742 1182 ex
765 1147 886 1194 glossa
906 1147 1092 1182 accessisse
1113 1149 1210 1182 recte
1228 1146 1368 1182 Cottius
1389 1146 1535 1182 iudicat.

135 1206 210 1242 Sed
239 1217 427 1250 perperam
461 1207 557 1241 idem
594 1219 631 1242 se
663 1207 786 1251 eiecit,
829 1209 925 1253 quod
957 1220 1078 1244 omnes
1107 1208 1249 1244 omnino
1282 1208 1367 1243 libri
1403 1210 1536 1248 tenent5

133 1267 269 1312 quippe
301 1268 346 1302 ad
376 1267 413 1302 id
442 1268 612 1303 tuendum
644 1269 721 1304 sola
747 1270 842 1305 valet
869 1270 969 1304 codd.
1003 1271 1215 1313 auctoritas,
1247 1281 1318 1304 non
1351 1280 1415 1314 ea,
1445 1280 1536 1314 quae

134 1328 349 1364 Gerlachius
372 1329 408 1363 in
432 1330 643 1364 Commentt.
666 1342 701 1375 p.
725 1330 807 1367 249.
834 1331 978 1365 confuse
1007 1335 1043 1366 et
1076 1330 1150 1366 sine
1181 1331 1346 1365 acumine
1374 1330 1536 1375 protulit.

131 1410 180 1417 --
203 1391 274 1425 Pro
298 1391 430 1425 enisum
453 1391 525 1426 Inc.
550 1392 583 1426 1.
611 1391 730 1426 Guelf.
751 1391 786 1426 ⁷.
809 1395 845 1427 et
878 1392 934 1426 11.
967 1393 1101 1427 habent
1128 1393 1290 1436 enixum,
1320 1392 1415 1436 quod
1449 1392 1532 1426 Ger.

131 1453 162 1487 1.
185 1451 329 1486 Vossius
351 1450 395 1485 de
418 1451 569 1497 Aualog.
592 1453 664 1495 111,
686 1453 747 1488 31.
769 1465 804 1497 p.
835 1453 916 1488 129.
949 1457 1118 1498 tanquam
1150 1457 1285 1488 certam
1318 1452 1534 1496 scripturam

132 1511 371 1556 amplectitur.
418 1511 490 1546 Sed
524 1516 666 1558 recepta
703 1514 821 1548 forma
853 1514 1036 1557 usitatior;
1071 1515 1183 1549 altera
1213 1512 1384 1548 feminino
1405 1523 1535 1557 genere

132 1575 177 1609 (le
200 1574 244 1608 iis
263 1577 475 1618 usurpatur,
499 1585 591 1618 quae
613 1577 756 1619 partum
781 1574 973 1610 ediderunt.
998 1595 1045 1601 —
1069 1575 1214 1610 Malitia
1235 1573 1327 1608 nihil
1348 1573 1446 1607 aliud
1470 1575 1534 1615 est,

131 1646 239 1681 quam
275 1646 363 1678 quas
394 1634 585 1670 Sallustius
610 1636 699 1670 alibi
733 1636 819 1671 dicit
847 1638 963 1671 malas
996 1642 1112 1679 artes,
1143 1635 1219 1671 sive
1249 1634 1349 1669 vitia.
1373 1634 1420 1668 cf.
1442 1633 1532 1668 Tac.

131 1697 271 1733 Annall.
295 1695 395 1738 XIII,
419 1696 479 1738 30,
502 1696 538 1731 3.
563 1697 606 1731 L.
639 1698 775 1731 Volusio
799 1698 969 1743 inoffensa
992 1703 1043 1733 tot
1060 1698 1309 1742 imperatorum
1341 1694 1534 1729 malitia

123 1759 213 1804 fuit.
238 1777 285 1783 —-
309 1746 500 1802 Esse’post
523 1758 731 1802 adoptatum
754 1769 875 1792 omnes
898 1758 983 1792 libri
1009 1758 1180 1799 retinent,
1210 1756 1279 1791 nisi
1302 1756 1395 1801 quod
1416 1755 1534 1791 scriba

129 1820 169 1855 in
198 1819 341 1853 Fabric.
373 1818 408 1853 2.
443 1818 544 1853 facili
576 1819 681 1863 lapsu
706 1821 821 1864 fuisse
850 1819 1031 1861 exaravit;
1054 1817 1285 1852 nihilominus
1307 1816 1447 1851 Curtius
1469 1828 1531 1852 ex-

129 1880 246 1927 pulit,
277 1880 323 1915 ad
356 1879 518 1914 Sallustii
551 1891 655 1914 usum
687 1891 902 1925 provocans,
940 1891 1047 1925 quem
1076 1889 1181 1914 nemo
1214 1877 1331 1913 minus
1351 1878 1429 1923 ipso
1451 1889 1532 1923 per-

127 1945 289 1988 spectum
311 1940 450 1975 habuit.

227 2006 260 2046 g.
284 2002 320 2037 3.
366 2014 433 2047 quo
452 2001 571 2047 plura]
598 2001 707 2035 Haud
729 2001 835 2046 pauci
855 2000 942 2036 libri
965 2001 1082 2046 quod
1101 2001 1208 2046 plum
1233 1998 1417 2042 exhibent,
1440 2010 1531 2044 quae

130 2064 307 2109 scriptura
339 2063 460 2098 cortio
491 2064 579 2098 adeo
613 2063 767 2108 placuit,
798 2054 838 2098 ut
871 2061 1064 2097 deliberari
1085 2072 1187 2106 posse
1209 2059 1304 2096 dicat
1325 2063 1406 2095 utra
1427 2072 1532 2106 prae-

130 2128 282 2163 feratur.
329 2124 403 2159 Sed
424 2125 582 2170 ineptum
607 2124 741 2169 aliquid
765 2124 896 2158 diceret
918 2123 1116 2169 Iugurtha,
1140 2122 1171 2156 si
1194 2124 1404 2167 propterea,
1438 2122 1532 2168 quod

130 2190 272 2235 plura
304 2187 395 2221 bene
427 2189 532 2230 atque
561 2189 700 2220 strenue
731 2185 799 2229 (sc.
832 2195 940 2229 quam.
971 2183 1080 2227 male)
1111 2182 1269 2227 fecisset,
1301 2181 1471 2218 iniuriam
1491 2194 1531 2218 se

130 2249 208 2296 pati
229 2260 297 2283 non
321 2259 421 2292 posse
443 2246 652 2280 affirmaret.
699 2245 769 2280 Sed
791 2248 974 2290 comparat
995 2256 1038 2278 ex
1062 2243 1201 2278 diverso
1224 2243 1366 2278 virtutis
1388 2244 1530 2289 mag-ni-

131 2311 290 2347 tudinem
321 2320 402 2344 cum
433 2308 585 2343 iniuriae
617 2306 719 2350 odio,
743 2309 783 2341 ut
815 2310 868 2341 est
890 2307 984 2351 apud
1007 2305 1082 2341 cte.
1104 2306 1196 2351 Epp.
1217 2305 1263 2340 ad
1285 2305 1426 2340 Famm.
1450 2306 1530 2351 XII,

131 2371 204 2414 23,
223 2373 258 2407 1.
281 2382 367 2416 quo
391 2375 455 2405 tua
479 2370 626 2405 maior
652 2368 813 2413 dignitas
837 2372 910 2410 est,
934 2379 983 2403 eo
1007 2379 1099 2413 quae
1121 2368 1187 2402 tibi
1208 2366 1411 2401 acciderunt
1443 2368 1529 2400 mi-

132 2444 215 2469 nus
239 2432 406 2477 ferenda.
440 2450 488 2456 —
523 2430 612 2464 Eius
642 2440 764 2464 omnes
796 2431 938 2463 tuentur
966 2430 1088 2471 codd.;
1119 2429 1179 2464 sed
1213 2427 1356 2463 Curtius
1381 2426 1528 2471 expulit,

134 2495 221 2540 quia
249 2492 287 2528 in
318 2491 399 2527 aliis
426 2490 530 2525 libris
561 2493 644 2525 ante
677 2490 824 2532 sceleri,
859 2489 897 2524 in
920 2490 1002 2525 aliis
1032 2493 1112 2535 post
1142 2490 1212 2524 hoc
1235 2499 1371 2525 nomen*
1386 2487 1529 2534 legitur,

134 2566 227 2602 quae
248 2565 373 2590 caussa
394 2551 501 2587 nimis
527 2550 652 2586 debilis
675 2555 739 2586 est.
785 2552 834 2586 Ut
855 2551 1030 2596 Iugurtha
1051 2562 1090 2586 se
1123 2552 1289 2593 excuset,
1321 2559 1434 2593 paene
1466 2559 1528 2584 ne-

137 2616 331 2654 cessarium
368 2617 440 2656 est,
471 2612 548 2647 eius
580 2611 776 2648 orationem
805 2612 934 2647 diserte
962 2611 1009 2648 ad
1030 2609 1242 2647 Adherbalis
1261 2620 1448 2654 personam
1468 2621 1527 2645 re-

136 2678 234 2714 ferri.
283 2678 447 2712 Ceterum
478 2673 692 2710 Gerlachius
723 2676 817 2708 recte
847 2671 955 2707 edidit
983 2672 1106 2708 sceleri
1137 2672 1230 2714 eius,
1252 2671 1313 2716 qui
1336 2672 1527 2710 verborum

137 2739 226 2774 ordo
249 2749 317 2772 nou
339 2737 454 2773 solum
477 2738 529 2771 est
554 2734 592 2770 in
614 2734 820 2770 melioribus
851 2734 972 2777 codd„
1002 2733 1067 2768 sed
1090 2743 1134 2768 eo
1164 2732 1271 2769 etiam
1306 2733 1528 2769 commenda-

139 2805 219 2842 mr,
242 2799 336 2844 quod
358 2799 414 2835 vis
432 2796 626 2834 sementino
646 2796 684 2832 in
705 2795 825 2831 sceleri
845 2795 1019 2830 vocabulo
1041 2793 1150 2836 inest;
1180 2804 1215 2828 v.
1246 2793 1291 2829 ad
1322 2805 1353 2829 c.
1376 2794 1466 2836 XX,
1490 2794 1524 2828 1.
