1702 2982
211 190 270 231 9⁶
587 186 630 230 C.
663 185 989 228 SALLUSTI
1019 181 1263 229 CRISPI'

214 304 500 364 largitionem
535 303 755 347 famosam
796 302 1223 363 impudentemque,
1259 303 1453 360 veritus,
1489 303 1612 363 quod

215 403 261 447 in
285 402 363 446 tali
397 417 446 445 re
486 401 621 458 solet,
667 416 724 445 ne
760 400 937 460 polluta
971 401 1147 445 licentia
1191 400 1405 445 invidiam
1429 416 1615 471 'accen-

217 499 370 556 deret,
407 499 604 552 animum
641 513 667 541 a
699 503 913 542 consueta
947 498 1149 542 lubidine
1186 498 1415 546 continuit.

356 595 478 640 XVI.
551 594 670 640 Vicit
716 600 867 639 tamen
904 595 950 638 in
996 595 1166 640 Senatu
1210 611 1314 656 pars
1359 595 1458 652 illa,
1502 610 1619 655 quae

183 705 329 744 2vero
363 693 561 754 pretium
598 697 674 736 aut
701 693 895 752 gratiam
926 692 1219 737 anteferebat.
1289 693 1534 738 Decretum
1554 693 1618 750 fit,

219 794 283 837 uti
325 791 485 835 decem
533 789 674 849 legati
710 804 927 850 regnum,
966 789 1092 847 quod
1123 789 1322 850 Micipsa
1352 791 1619 848 obtinuerat,

217 892 334 935 inter
379 886 647 948 Iugurtham
692 891 736 930 et
778 885 1091 930 Adherbalem
1148 886 1408 931 dividerent.
1481 887 1619 932 Cuius

218 985 455 1048 legationis
498 984 712 1045 princeps
767 973 851 1027 fuit
896 984 951 1028 L.
994 982 1230 1044 Opimius,
1285 984 1427 1028 homo
1474 985 1620 1028 clarus

217 1150 255 1180 et
281 1145 483 1187 incorrupta
506 1152 582 1175 esse
607 1141 756 1183 debent,
790 1141 835 1175 ct'.
861 1141 995 1176 Ludov.
1027 1140 1228 1176 Doederlin.
1254 1140 1450 1187 Synonym.
1473 1139 1550 1174 Lat.
1575 1138 1621 1175 T.

218 1206 264 1241 ΙΙ.
289 1217 323 1250 p.
349 1204 394 1238 54
411 1215 507 1248 sqq.;
531 1203 674 1236 licentia
698 1206 816 1236 autem
840 1215 949 1247 quum
973 1215 1034 1254 per
1052 1215 1089 1238 se
1112 1203 1184 1237 iam
1209 1204 1318 1237 bonos
1345 1202 1520 1243 dedeceat,
1544 1201 1621 1245 pol·

218 1266 287 1300 luit
313 1263 443 1309 potius,
479 1273 587 1306 quam
622 1263 802 1307 polluitur.
852 1263 922 1297 Sed
946 1269 1069 1298 auctor
1091 1264 1218 1298 latiore
1240 1257 1362 1306 sensu,
1394 1268 1433 1297 ut
1457 1262 1620 1303 diximus,

218 1326 400 1361 licentiam
434 1324 579 1358 modum
611 1335 751 1358 omnem
783 1335 963 1369 egressam
995 1324 1192 1370 significat3
1223 1326 1361 1370 polluta
1392 1324 1505 1370 igitur
1535 1325 1573 1361 h.
1596 1324 1622 1358 l.

219 1389 314 1424 idem
338 1391 391 1421 est
412 1390 517 1429 atque
534 1385 648 1430 foeda
675 1397 718 1419 ac
743 1386 970 1421 detestabilis.

316 1448 406 1483 xvi.
456 1449 489 1490 §.
521 1445 556 1482 l.
603 1457 695 1491 quae
717 1465 763 1471 -——
789 1448 1032 1492 anteferebat]
1065 1447 1159 1482 Casu
1190 1447 1250 1482 vel
1282 1458 1400 1482 errore
1423 1446 1561 1481 librarii
1584 1445 1619 1480 in

218 1510 304 1546 Bas.
339 1509 373 1543 l.
407 1510 518 1542 exstat
550 1507 850 1551 anteferebant,
884 1507 975 1541 unde
1005 1508 1147 1542 cortine
1178 1511 1377 1552 contempto
1407 1508 1621 1542 relicum-um

218 1572 320 1607 codd.
347 1580 515 1604 consensu
538 1580 581 1602 ex
606 1568 754 1602 libidine
775 1567 859 1602 fecit
881 1569 963 1613 qui
980 1588 1027 1593 —
1052 1570 1316 1613 anteferebant,
1348 1569 1394 1604 ad
1417 1569 1623 1603 insolentem

218 1634 259 1668 in
283 1630 435 1678 pedestri
469 1629 628 1664 oratione
658 1634 870 1664 structuram
899 1631 1116 1674 probandam
1145 1641 1270 1675 parum
1294 1629 1430 1664 idoneis
1453 1629 1622 1674 exemplis

218 1703 317 1728 usus.
340 1692 432 1727 Nam
457 1690 519 1734 qui
542 1691 708 1734 loquendi
732 1703 814 1726 usus
837 1696 888 1726 est
914 1692 1058 1736 Latinis,
1088 1695 1126 1726 ut
1152 1692 1328 1726 collectiva
1347 1691 1481 1726 nomini
1502 1692 1622 1735 plura-

218 1755 291 1789 lem
320 1752 521 1798 praedicati
556 1750 728 1796 iungant,
765 1756 800 1786 et
832 1752 960 1787 finibus
990 1753 1041 1788 ita
1074 1752 1394 1795 circumscribitur,
1425 1758 1464 1787 ut
1487 1752 1622 1800 nonnisi

217 1815 380 1861 pluribus
398 1813 516 1847 verbis
535 1812 726 1848 interiectis
745 1813 894 1858 pluralis
910 1814 1086 1849 inferatur
1108 1815 1174 1859 (cf.
1194 1815 1271 1860 lug.
1288 1814 1402 1857 xxn,
1426 1814 1461 1848 4.
1480 1814 1621 1857 Zumpt.

220 1877 384 1911 Gramm.
412 1875 489 1909 Lat.
512 1875 547 1920 §.
572 1873 632 1917 69,
655 1874 690 1908 2.
715 1879 785 1909 not.
804 1874 872 1919 1.),
896 1887 1011 1919 neque
1033 1886 1076 1910 ea
1100 1876 1252 1917 licentia,
1278 1877 1463 1909 commoda
1485 1875 1623 1909 ratione

218 1949 290 1973 non
313 1936 502 1977 destituta,
526 1946 569 1970 eo
589 1935 757 1981 progredi
779 1939 914 1980 potest,
945 1939 986 1971 ut
1006 1937 1194 1971 relativum
1214 1938 1352 1982 plurale
1375 1937 1474 1971 iuxta
1498 1948 1623 1970 nomen

217 1999 413 2044 singularis
435 2000 576 2042 formae
609 1997 778 2031 collocari
802 2001 929 2042 queat,
963 2009 1072 2042 quum
1095 2009 1198 2032 aures
1228 1997 1334 2031 nimis
1356 1996 1496 2043 ingrato
1519 2008 1622 2032 sensu

217 2059 320 2095 affici
351 2057 468 2103 quivis
499 2057 638 2093 sentiat.
694 2059 815 2104 Quare
845 2059 915 2093 hoc
946 2059 1059 2093 Cortii
1101 2061 1359 2100 commentum,
1397 2057 1623 2093 simillimum

218 2121 316 2162 eius,
340 2120 434 2164 quod
457 2119 502 2153 ad
530 2119 605 2154 cat.
629 2120 763 2162 xvln,
782 2119 815 2154 1.
841 2120 1075 2164 explodimus,
1100 2120 1215 2154 coecis
1237 2119 1312 2154 eius
1336 2119 1623 2162 admiratoribus,

218 2181 251 2219 si
274 2181 337 2226 qui
361 2181 555 2216 etiamnum
578 2185 678 2223 sunt,
712 2181 955 2226 relinquimus.
983 2200 1029 2207 —
1059 2182 1186 2215 Verum
1209 2179 1234 2216 i.
1257 2192 1291 2225 q.
1318 2185 1476 2225 rectum,
1507 2181 1624 2215 incor-

217 2247 388 2288 ruptum,
411 2243 556 2276 bonum.
580 2242 626 2276 cf.
650 2242 745 2277 infra
773 2254 802 2277 c.
828 2244 941 2286 XXX,
965 2243 1001 2277 2.
1049 2243 1120 2276 Eos
1141 2242 1301 2286 potentia
1324 2242 1450 2276 Scauri
1472 2253 1497 2276 a
1518 2253 1623 2276 vero

218 2304 430 2349 bonoque
453 2304 676 2349 impediebat.
698 2304 845 2350 Fragm.
868 2305 1004 2341 Histor.
1026 2304 1055 2346 Ι,
1079 2303 1137 2338 73.
1163 2303 1262 2338 Gerl.
1310 2303 1370 2338 Ea
1389 2303 1524 2348 paneis,
1546 2303 1625 2348 qui-

220 2366 284 2401 bue
305 2366 439 2410 peritia
464 2370 498 2400 et
531 2377 693 2400 veram
717 2367 899 2412 ingenium
924 2371 997 2409 est,
1021 2364 1264 2399 abnuentibus.

314 2428 349 2470 S.
374 2426 409 2463 2.
457 2427 500 2462 L.
526 2427 705 2472 Opimius]
730 2428 783 2461 De
814 2427 886 2462 hoc
907 2426 1137 2460 celeberrimo
1161 2426 1199 2460 C.
1226 2424 1377 2459 Gracchi
1401 2423 1623 2458 interfectore

222 2499 258 2522 v.
283 2487 358 2522 cic.
382 2486 418 2521 in
457 2486 534 2521 Cat.
557 2488 593 2531 1,
619 2487 661 2529 2,
685 2486 718 2521 4.
752 2487 813 2521 ubi
847 2488 943 2532 Aug.
978 2486 1151 2521 Matthias
1174 2485 1323 2520 contulit
1347 2485 1434 2520 ven.
1461 2486 1503 2527 ΙΙ,
1528 2485 1562 2519 6.
1587 2484 1622 2520 7.

223 2548 320 2584 Plut.
343 2548 380 2582 v:
406 2547 446 2582 e.
472 2546 630 2582 Gracchi
654 2559 684 2581 ο.
708 2547 755 2582 13
773 2560 847 2592 sqq.
871 2547 1019 2592 Appiam.
1044 2548 1087 2581 de
1111 2548 1156 2581 B.
1181 2547 1218 2580 e.
1244 2547 1271 2588 1,
1296 2545 1354 2580 21.
1390 2557 1424 2589 p.
1448 2543 1531 2579 365.
1568 2534 1641 2578 cas

221 2610 275 2644 Η.
298 2606 420 2653 Steph.
445 2608 543 2643 Adde
566 2607 666 2641 Flor.
691 2608 751 2652 ΙΙΙ,
782 2608 841 2642 15.
867 2608 941 2644 Cic.
963 2607 1119 2652 Philipp.
1145 2607 1239 2648 vm,
1262 2606 1297 2650 4,
1323 2606 1378 2640 14.
1402 2605 1622 2640 Freinshem-

223 2669 406 2714 Supplem.
442 2669 520 2704 biv.
558 2669 658 2710 Lxl,
683 2668 855 2704 20—32.
893 2673 929 2703 et
951 2669 1090 2704 Ernest.
1123 2667 1160 2703 in
1187 2668 1287 2702 clav.
1321 2667 1395 2701 Cic.
1426 2685 1473 2692 -—
1505 2667 1558 2700 De
1582 2666 1622 2702 C.

225 2730 389 2766 Graccho
415 2734 449 2767 et
471 2730 602 2766 Fulvio
625 2730 758 2764 Flacco
781 2734 922 2774 praeter
943 2729 967 2764 l.
993 2730 1020 2764 1.
1045 2729 1092 2763 ct.
1115 2727 1210 2762 infra
1229 2739 1259 2764 c.
1275 2726 1452 2769 XXX1,7.
1467 2731 1502 2762 et
1515 2727 1624 2769 xm,

223 2791 259 2828 1.
280 2813 326 2819 ——
350 2793 403 2826 De
426 2791 572 2837 propria
596 2791 711 2826 clam
733 2790 832 2826 vocis
855 2783 1028 2834 potestate
1052 2801 1085 2825 v.
1111 2790 1269 2834 Herzog.
1293 2788 1338 2824 ad
1361 2787 1464 2824 Catil.
1489 2787 1622 2830 vum.
