1716 2996
245 90 306 135 72
675 51 685 59 “
850 86 1026 132 INDEX

248 200 326 244 Que
346 210 417 245 qua
437 198 575 242 ratione
595 199 780 236 variarum
802 200 1059 246 particularum
1081 199 1155 239 vim
1175 201 1312 239 habero
1331 203 1459 248 possit,
1481 203 1521 240 0.
1544 203 1580 248 4,
1599 204 1637 242 2.

248 258 325 302 Que
348 258 516 293 omissum
535 262 616 303 post
637 259 807 295 nonnulla
830 259 1017 302 adieclivu,
1041 260 1081 295 C.
1101 258 1159 303 15,
1183 260 1217 296 1.
1261 259 1320 304 57,
1343 261 1387 296 1-
1422 263 1452 299 Ι.
1474 258 1534 306 66,
1556 263 1593 299 1.

249 316 324 360 Que
345 316 577 362 interceptum
598 320 763 361 sequente
786 329 806 351 o
829 316 961 362 littera,
984 318 1012 352 1.
1035 315 1093 360 35,
1116 317 1151 352 2.
1198 317 1256 362 35,
1279 318 1313 354 6.
1359 317 1418 361 38,
1442 318 1478 354 9.
1525 319 1585 365 79,
1599 320 1637 360 3.

250 374 325 418 Que
345 393 392 401 —-
413 381 479 420 que
499 375 607 410 etiam
630 374 667 409 iu
687 385 791 419 prosa
817 373 978 409 oratione
999 373 1150 420 licitum,
1174 377 1201 411 1.
1229 376 1287 423 10,
1310 376 1345 413 2.
1392 376 1477 422 100,
1488 375 1525 412 5.

249 432 326 483 Que
351 451 396 459 —
421 437 456 468 et
477 433 696 468 abundanter
717 443 781 477 pro
804 431 961 477 simplici
985 437 1032 474 et,
1055 433 1082 467 1.
1106 432 1164 476 81,
1186 434 1222 468 2.

250 491 320 535 Qui
339 491 636 537 interrogativum
658 494 694 527 et
714 489 934 526 indefinitum
956 489 1130 531 diversum
1156 502 1179 526 a
1202 493 1299 537 quis,
1317 492 1358 528 C.
1381 490 1440 538 44,
1464 490 1499 527 5.

250 550 322 592 Qui
341 549 505 595 antiquus
526 548 704 584 ablativus
725 548 819 583 unde
840 547 1039 591 descendat,
1071 547 1110 582 C.
1132 534 1192 591 51,
1212 548 1271 587 24.

250 607 345 651 Quia
364 607 543 652 quomodo
569 606 709 641 differat
731 616 755 640 a
776 605 889 651 quod,
911 605 941 640 Ι.
963 603 1022 651 80,
1046 602 1083 640 6.
1129 605 1212 650 102,
1234 605 1271 646 7.

253 665 348 709 Quia
372 665 410 700 in
427 666 495 713 ,qui
517 665 761 708 depravatum,
776 664 805 698 1.
829 661 886 707 16,
910 662 945 697 2.

251 722 346 765 Quia
366 733 448 757 cum
471 720 696 757 coniunctivo
717 721 888 763 iunctum,
917 720 945 756 1.
967 718 1025 762 98,
1047 718 1085 759 6.

253 780 348 824 Quia
370 784 406 816 et
427 793 495 826 qua
517 779 673 820 confusa,
696 779 724 813 1.
747 778 829 822 110,
844 778 881 814 3.

253 838 454 884 Quicunque
478 836 580 873 tmesi
603 836 828 881 disiunctum,
853 837 892 872 C.
915 834 952 881 5,
976 835 1012 872 4.

253 895 455 947 Quicunque
477 899 512 930 et
534 895 696 941 quicquid
720 906 801 928 cum
819 894 1016 946 indicativo
1037 893 1208 939 iunctum,
1240 894 1280 933 C.
1305 894 1364 941 52,
1385 895 1423 936 5.

253 953 454 999 Quicunque
476 956 511 988 et
535 954 676 1001 quisque
698 952 855 996 confusa,
878 953 917 987 G.
941 951 1000 996 39,
1023 952 1058 988 6.

254 1010 402 1054 Quidem
428 1010 623 1055 particulae
646 1021 738 1055 quae
760 1011 907 1057 propria
929 1011 984 1046 vis
1007 1011 1065 1055 sit,
1089 1011 1116 1046 Ι.
1142 1009 1202 1055 51,
1223 1010 1261 1048 5.

254 1067 403 1112 Quidem
423 1071 504 1102 ante
526 1073 646 1103 tamen
670 1068 853 1111 omissum,
878 1069 916 1104 C.
934 1068 994 1112 61,
1017 1068 1053 1103 3.

255 1125 396 1168 Quietes
417 1125 566 1169 pluralis
592 1138 661 1171 qno
684 1138 787 1162 sensu
810 1127 922 1162 dictus
944 1127 1001 1171 sit,
1025 1127 1066 1162 C.
1089 1124 1148 1172 15,
1170 1125 1208 1162 4.

255 1183 407 1227 Quilibet
430 1183 535 1218 tmesi
558 1184 781 1228 disiunctum,
805 1185 846 1220 C.
867 1184 901 1226 5,
918 1183 954 1220 4.

255 1241 347 1285 Quin
369 1240 406 1275 in
429 1242 671 1277 cohortatione
693 1254 775 1277 cum
798 1242 989 1278 indicativo
1015 1230 1254 1285 coniunctum,
1281 1242 1322 1278 G.
1345 1241 1402 1286 20,
1418 1240 1479 1280 14.

255 1299 393 1345 Quippe
415 1299 476 1344 qui
499 1309 581 1334 cum
602 1299 794 1335 indicativo
821 1303 858 1335 et
877 1299 1100 1336 coniunctivo
1127 1299 1367 1344 coniunctum,
1389 1301 1428 1338 C.
1443 1300 1501 1345 48,
1524 1301 1560 1336 2.

257 1357 395 1403 Quippe
416 1359 452 1392 et
473 1357 600 1403 quippe
623 1358 694 1403 qui,
717 1357 748 1392 I.
772 1357 808 1399 1,
829 1356 865 1391 3.

257 1415 345 1459 Quis
363 1413 660 1461 interrogativum
680 1418 716 1450 et
738 1413 959 1454 indefinitum
981 1413 1160 1450 diversum
1181 1425 1206 1450 a
1227 1414 1303 1461 qui,
1326 1414 1366 1450 0.
1388 1413 1447 1457 44,
1470 1413 1506 1451 5.

257 1474 344 1518 Quis
364 1472 507 1518 antique
529 1483 595 1516 pro
618 1473 758 1518 quibus,
788 1473 816 1510 Ι.
838 1471 884 1519 7,
921 1470 955 1506 6.
1002 1470 1069 1515 13,
1093 1471 1130 1509 6.
1173 1469 1243 1519 25,
1269 1470 1304 1508 4.
1349 1471 1416 1517 31,
1437 1473 1474 1510 4.
1517 1472 1585 1518 66,
1607 1472 1644 1513 4.

347 1531 406 1575 80,
430 1530 464 1567 3.
510 1530 569 1576 80,
591 1528 628 1565 5.
675 1529 809 1575 105,1.

257 1590 446 1638 Quisquam
467 1588 543 1623 vim
565 1588 782 1624 indefinitam
804 1589 926 1631 habet,
950 1588 990 1624 C.
1014 1588 1074 1630 52,
1097 1586 1158 1625 ll·

258 1649 448 1694 Quisquam
471 1646 651 1682 dlversum
674 1647 719 1682 ab
744 1647 882 1693 aliquis,
906 1647 948 1681 C.
971 1645 1030 1690 36,
1053 1644 1089 1687 5.

257 1708 447 1754 Quisquam
469 1705 651 1741 diversum
673 1715 697 1740 a
724 1705 877 1750 quisque,
902 1705 944 1741 C.
966 1702 1003 1746 5,
1026 1703 1062 1739 3.

258 1765 448 1811 Quisquam
469 1763 656 1799 confusum
678 1773 760 1797 cnm
783 1762 967 1808 quispiam,
991 1761 1021 1799 Ι.
1042 1758 1102 1805 45,
1123 1760 1161 1800 2.

258 1823 410 1870 Quisque
431 1820 651 1868 pronominis
671 1819 815 1866 propria
836 1820 900 1862 vis,
923 1820 963 1855 C.
987 1817 1023 1862 5,
1044 1817 1080 1855 3.

258 1882 411 1927 Quisque
433 1883 469 1916 et
495 1880 677 1926 quisquam
703 1878 861 1922 confusa,
886 1879 926 1913 C.
949 1876 985 1921 5,
1008 1877 1044 1914 3.
1063 1921 1075 1924 ,

259 1933 410 1985 Quisque
432 1941 468 1973 et
491 1937 619 1984 quippe
641 1936 798 1978 confusa,
822 1935 851 1971 I.
877 1936 912 1979 1,
933 1935 969 1971 4.
1043 1930 1052 1947 ’

258 1998 410 2044 Quisque
432 1999 467 2031 et
490 1995 680 2041 quicunque
702 1993 863 2038 confusa,
888 1994 929 2028 G.
951 1992 1013 2036 39,
1033 1991 1070 2028 6.

260 2056 412 2101 Quisque
434 2049 707 2099 ἄνακολούθως
731 2050 895 2093 ablativis
917 2049 1087 2086 absolutis
1107 2045 1362 2092 interpositum,
1385 2047 1413 2083 1.
1438 2047 1496 2093 18,
1518 2048 1556 2085 3.

261 2114 412 2160 Quisque
432 2110 565 2158 plurali
586 2109 817 2155 appositionis
838 2109 873 2144 vi
896 2108 1066 2151 additum,
1090 2107 1118 2141 1.
1143 2105 1179 2148 1,
1201 2105 1236 2140 4.

214 2216 217 2217 ⁷
261 2171 412 2216 Quisque
434 2169 498 2204 ubi
517 2168 693 2214 pluralem
717 2167 820 2205 verbi
851 2166 921 2209 sibi
941 2166 1134 2216 adiungere
1153 2163 1283 2215 possit,
1316 2163 1357 2199 C.
1389 2162 1434 2218 6,
1464 2163 1500 2200 2.
1543 2163 1588 2210 7,
1610 2164 1647 2205 1.

351 2227 411 2272 37,
434 2226 470 2263 6.
514 2226 574 2269 43,
600 2226 634 2261 1.
907 2229 911 2234 “

262 2285 412 2331 Quisque
433 2296 504 2320 nou
526 2284 658 2328 ubique
680 2282 856 2331 pluralem
878 2281 979 2317 verbi
1002 2279 1174 2326 requirit,
1205 2279 1246 2315 G.
1267 2278 1328 2324 37,
1350 2278 1387 2315 6.
1431 2279 1461 2314 1.
1481 2276 1542 2324 75,
1563 2276 1599 2315 5.

262 2344 338 2391 Quo
360 2343 399 2378 in
420 2341 579 2389 generali
602 2341 773 2376 relatione
795 2352 866 2376 non
897 2341 943 2376 ad
965 2351 1107 2381 nomen,
1142 2338 1204 2374 sed
1225 2339 1272 2375 ad
1294 2340 1411 2374 totam
1431 2336 1646 2373 enunciatio—

350 2411 433 2436 nem
454 2400 720 2445 praecedentem
740 2399 903 2441 refertur,
925 2398 952 2438 Ι.
979 2396 1061 2441 102,
1082 2395 1140 2436 10,
1598 2393 1604 2396 ’

263 2458 338 2502 Quo
361 2458 387 2493 ἰ.
409 2468 445 2502 q.
467 2459 510 2492 ut
532 2469 575 2492 ea
600 2469 652 2502 re,
676 2458 716 2492 C.
741 2457 799 2499 38,
821 2455 857 2491 3.

263 2516 340 2559 Quo
363 2518 443 2550 ante
463 2515 747 2560 comparativum
768 2524 838 2549 non
858 2513 955 2549 valet
974 2516 1175 2559 propterea,
1197 2510 1237 2549 G.
1260 2510 1293 2555 1,
1313 2510 1348 2547 3.
1395 2509 1452 2553 37,
1478 2508 1514 2549 8.

264 2575 340 2617 Quo
363 2584 434 2609 nou
455 2576 570 2620 potest
590 2573 711 2607 valere
734 2572 907 2618 quoniam,
933 2571 962 2605 Ι.
985 2570 1045 2615 32,
1068 2567 1103 2605 5.

264 2632 341 2675 Quo
363 2643 432 2667 non
453 2631 633 2677 siguificat
656 2630 705 2665 ud
728 2630 831 2676 quod,
861 2630 889 2664 1.
912 2627 971 2672 64,
995 2627 1032 2663 1.

265 2691 340 2739 Quo
362 2689 399 2727 in
419 2689 696 2737 interrogatione
718 2687 763 2725 ad
787 2687 966 2725 consilium
988 2687 1131 2734 spectat,
1153 2684 1182 2725 Ι.
1206 2681 1266 2727 64,
1288 2683 1324 2724 1.
