1716 2996
221 192 307 235 324
597 188 644 231 C.
673 187 990 233 SALLUSTI
1019 189 1243 234 CRISPI

223 307 324 351 iam·
367 304 494 351 scalis
542 304 713 366 egressi
757 305 918 351 milites
963 321 1113 367 prope
1160 321 1335 353 summa
1376 314 1614 370 ceperant,

224 417 365 462 quum
410 400 629 462 oppidani
673 408 942 447 concurrunt
958 437 972 460 ,
1027 403 1204 464 lapides
1224 439 1239 465 ‚
1290 405 1443 466 ignem
1463 441 1477 465 ,
1530 382 1631 450 alia·

187 505 465 562 7praeterea
497 497 588 542 tela
620 498 845 560 ingerunt.
895 499 1052 546 Nostri
1083 501 1232 562 primo
1264 502 1497 556 resistet-03
1518 502 1616 548 de·-

224 597 344 654 inde,
378 595 457 641 ubi
492 610 608 641 unae
643 601 779 674 atque
807 596 975 641 alterae
1011 598 1157 643 scalae
1193 598 1506 656 coinminutae,
1540 599 1618 681 qui

225 697 592 773 supersteterant,
627 692 780 738 afflicti
807 698 924 750 sunt,
960 693 1111 752 ceteri,
1147 710 1331 755 quoquo
1360 695 1510 741 modo
1526 710 1617 757 po-

318 831 352 874 5.
378 827 414 864 5.
437 832 472 865 et
488 829 524 867 6.
570 828 682 865 lenius
708 830 845 876 agere]
875 830 979 866 Haec
1013 831 1152 868 Cottius
1181 835 1277 868 recte
1307 830 1464 867 defendit
1498 834 1622 866 eontra

225 883 404 926 ciacconii
437 890 679 926 coniecturam
714 891 888 927 lentius
912 903 1044 938 agere,
1080 903 1225 928 monens
1258 893 1382 928 leniter
1412 903 1482 926 non
1505 892 1621 927 solum

225 953 318 988 lente
340 964 436 997 esse,
451 951 528 987 sed
563 951 671 985 etiam
702 951 869 997 mitigato
894 952 972 987 acri
1003 953 1066 988 illo
1096 953 1212 998 primo
1235 953 1381 998 impetu.
1427 952 1540 998 Igitur
1563 953 1622 986 le-

225 1014 332 1049 m'us
372 1024 482 1061 agere
519 1011 614 1046 idem
649 1015 703 1047 est
732 1017 837 1057 atque
862 1025 1024 1060 pugnam
1055 1014 1326 1055 remittere,
1367 1023 1438 1058 qua
1471 1012 1622 1047 dictione

225 1078 352 1110 auctor
374 1085 481 1119 supra
514 1075 547 1116 §-
570 1072 605 1107 3.
630 1083 714 1107 usus
740 1076 803 1108 est.
828 1093 873 1100 -
911 1074 979 1110 Rei
1006 1074 1032 1109 i.
1066 1085 1098 1111 e.
1128 1074 1267 1109 consilii
1285 1073 1387 1111 urbis
1421 1073 1459 1108 vi
1482 1073 1620 1118 capien-

227 1137 306 1173 dae.
330 1155 375 1162 —
408 1135 525 1170 Verba
553 1134 628 1168 sine
658 1135 813 1169 tumultu
843 1135 880 1172 h.
906 1135 931 1172 Ι.
964 1135 1144 1180 passivam
1166 1134 1373 1170 relationem
1395 1134 1552 1177 habent,
1584 1137 1624 1168 ut

227 1208 349 1233 sensus
371 1195 438 1232 sit:
460 1194 559 1230 nullo
582 1194 718 1239 impetu
743 1197 964 1240 perturbatos
993 1200 1027 1231 et
1049 1196 1245 1231 intestatos.
1267 1215 1315 1222 —
1348 1195 1531 1236 Astrictis,
1560 1205 1624 1239 pro

226 1269 297 1303 quo
320 1257 399 1292 cod.
421 1255 592 1291 Eichhof.
624 1256 733 1291 habet
757 1257 921 1299 arrectis,
955 1260 1010 1291 est
1039 1257 1142 1291 valde
1166 1248 1333 1299 intentis,
1365 1259 1402 1292 et
1431 1255 1530 1301 quasi
1562 1255 1623 1290 de-

227 1318 330 1362 fixis,
361 1318 414 1354 ita
445 1321 486 1353 ut
519 1316 650 1351 abduci
681 1326 751 1351 non
774 1321 927 1361 possent.
951 1317 999 1353 cf.
1029 1329 1058 1351 c.
1082 1317 1192 1359 LXX,
1215 1317 1251 1351 2.
1300 1317 1486 1352 Nabdalsa
1508 1327 1625 1351 omnes

227 1390 286 1414 res
311 1377 451 1423 exsequi
471 1378 592 1417 solitu·
617 1382 718 1419 erat,
743 1389 833 1422 quae
859 1379 1056 1423 Iugurthae
1077 1378 1266 1412 maioribus
1289 1378 1411 1412 astri
1419 1383 1491 1413 eto
1520 1388 1624 1422 supe-

228 1443 410 1474 raverant.
442 1437 518 1474 cic.
547 1437 722 1472 Paradox.
753 1438 788 1480 1,
823 1437 845 1472 1
859 1465 869 1481 ,
895 1438 932 1476 6.
990 1438 1182 1484 Nunquam
1214 1449 1294 1481 eas,
1328 1438 1452 1483 quibus
1473 1437 1625 1472 masiae

229 1498 430 1536 astricti
453 1501 544 1539 nant,
569 1499 767 1542 voluptates
789 1498 827 1532 in
850 1498 947 1533 bonis
968 1500 1071 1534 rebus
1094 1510 1166 1534 esse
1189 1498 1283 1534 dua-i.
1307 1498 1406 1535 Cart.
1428 1499 1487 1542 Vl,
1507 1499 1545 1541 8,
1566 1497 1625 1534 12.

231 1562 418 1608 Religioae
444 1560 548 1595 deum
570 1563 645 1594 ast
657 1559 827 1601 rictus,
850 1558 913 1603 qui
936 1559 1036 1595 Iocus
1058 1559 1166 1595 simul
1190 1559 1341 1595 ostendit
1361 1569 1430 1594 non
1453 1550 1625 1607 dativum,
1701 1598 1711 1609 ⁸

229 1621 291 1657 sed
318 1620 516 1656 ablativum
537 1619 623 1654 huic
646 1619 758 1654 verbo
779 1619 895 1666 iungi,
916 1632 1022 1665 quam
1040 1625 1254 1656 structuram
1277 1619 1500 1655 commendat
1517 1618 1625 1653 etiam

229 1674 395 1726 frequens
428 1680 530 1715 verbi
562 1692 646 1715 usus
677 1680 880 1723 absolutum
917 1682 965 1716 cf.
990 1685 1111 1717 notata
1133 1682 1179 1717 ad
1201 1682 1279 1717 Cat.
1301 1681 1349 1724 11,
1373 1680 1409 1716 9.
1433 1692 1470 1726 p.
1497 1678 1556 1716 14.
1578 1698 1626 1705 —-

229 1744 303 1779 Pro
330 1742 485 1789 egressi,
516 1742 610 1786 quod
642 1742 750 1788 longe
779 1742 926 1786 plurimi
957 1741 1043 1777 libri
1075 1745 1236 1784 tuentur,
1270 1741 1376 1786 Bipp.
1410 1744 1446 1776 et
1470 1739 1627 1786 langius

230 1803 373 1839 edidere
396 1803 572 1849 adgressi,
595 1805 717 1837 contra
739 1802 811 1836 loci
836 1790 1058 1838 sententiam.
1103 1802 1196 1838 Nam
1219 1813 1328 1847 quum
1351 1802 1539 1846 praecedat
1557 1811 1627 1847 ag·

230 1864 415 1910 greditur,
443 1863 480 1898 in
512 1862 737 1908 sequentibus
766 1862 1198 1908 audaciorem-quendam
1227 1863 1396 1907 impetam
1431 1861 1627 1908 significari

232 1923 382 1960 ostendit
403 1924 478 1958 iam
500 1923 696 1968 particula,
731 1925 845 1959 multo
868 1924 984 1972 magis
1011 1928 1131 1959 autem
1153 1923 1263 1958 verba
1283 1934 1391 1969 prope
1413 1933 1549 1958 summa
1571 1932 1627 1956 ee-

230 1990 383 2032 peraat,
407 1989 443 2020 et
464 1985 585 2030 paullo
608 1987 688 2029 post
709 1984 770 2030 qm·
791 1989 1087 2030 supersteterant,
1119 1984 1214 2029 quod
1236 1984 1311 2019 tale
1331 1987 1404 2027 est,
1435 1986 1476 2018 ut
1498 1983 1628 2019 milites
1681 1999 1683 2002 v

232 2058 303 2081 non
326 2047 430 2081 scalis
453 2056 660 2092 aggressae,
693 2044 754 2078 sed
776 2055 932 2091 egressos
957 2045 1073 2089 fuisse
1095 2044 1328 2090 intelligatur.
1374 2044 1512 2090 ligr-odi
1532 2041 1627 2078 euim

233 2111 274 2143 ut
297 2108 478 2143 escendere
499 2110 551 2142 est
573 2106 611 2140 in
632 2104 813 2140 'summum
836 2105 938 2148 eniti;
971 2106 1019 2140 cf.
1043 2117 1072 2140 c.
1097 2107 1222 2150 XCIII,
1246 2105 1280 2142 2.
1328 2105 1455 2141 Studio
1478 2104 1627 2151 legundi

231 2158 422 2215 paullatim
443 2179 551 2214 prope
573 2167 622 2202 ad
644 2166 963 2207 summummontis
986 2176 1066 2211 egr
1077 2177 1143 2200 ess
1154 2177 1203 2201 us
1235 2171 1318 2201 est.
1351 2165 1468 2201 Tacit.
1492 2166 1626 2201 uiator.

232 2230 294 2272 lv,
317 2230 378 2267 29.
424 2230 556 2265 Multos
577 2230 615 2264 in
638 2229 776 2264 moenia
799 2238 818 2262 e
825 2237 1010 2273 gressus
1028 2227 1240 2273 pugionibus
1255 2227 1395 2271 fodere.
1416 2237 1451 2261 v.
1470 2226 1630 2260 Draken-

233 2291 358 2326 borch.
383 2291 430 2326 ad
456 2291 533 2326 biv.
560 2290 684 2333 XXVI,
714 2288 773 2332 44,
805 2288 839 2324 6.
874 2287 1031 2331 xn‚·22,
1054 2287 1088 2321 2.
1114 2307 1157 2313 —
1192 2289 1357 2333 Inger-ere
1381 2288 1426 2321 de
1447 2287 1572 2321 crebra
1593 2288 1630 2320 et

233 2351 365 2387 iterata
387 2352 539 2386 telorum
562 2350 780 2386 immissione
802 2349 950 2391 dicitur3
985 2359 1021 2382 v·
1044 2348 1262 2384 Boetticheri
1284 2349 1367 2384 Lex.
1390 2346 1507 2381 Tacit.
1530 2345 1567 2379 h.
1591 2355 1627 2380 v.

234 2423 272 2457 p.
296 2411 378 2448 273.
402 2412 493 2448 Tac.
515 2412 605 2447 Anu.
629 2412 675 2454 11,
698 2410 757 2446 81.
805 2412 902 2444 Saxa
925 2414 960 2444 et
976 2411 1082 2453 faces
1105 2411 1329 2455 ingerere.
1363 2406 1626 2441 Drakenborch.

236 2473 282 2508 ad
306 2471 384 2507 niv.
407 2472 470 2513 lx,
493 2471 553 2516 35,
577 2472 614 2507 5.
666 2472 767 2507 Nunc
790 2473 883 2514 tela,
918 2482 1009 2504 aune
1044 2481 1133 2504 saxa
1162 2471 1399 2516 ingerere.
1429 2467 1486 2510 11,
1507 2465 1568 2510 65,
1593 2466 1629 2501 4.

238 2532 400 2575 XXXVI,
424 2532 483 2575 18,
504 2533 540 2568 5.
565 2533 725 2567 Frontin.
746 2533 794 2575 11,
816 2532 853 2567 3.

330 2596 364 2638 5.
385 2593 421 2630 7.
443 2596 479 2628 et
499 2592 534 2627 8.
582 2605 674 2628 unae
698 2598 803 2638 atque
826 2591 982 2635 alterae]
1017 2590 1098 2624 Hac
1129 2587 1281 2623 dictione
1304 2586 1419 2622 Latini
1449 2587 1502 2623 ita
1524 2591 1629 2622 utun-

237 2659 315 2698 tur,
337 2658 379 2689 ut
399 2653 577 2689 indefinite
599 2655 808 2699 complures,
831 2661 1045 2702 quamquam
1067 2660 1136 2683 non
1160 2640 1350 2683 admodum
1373 2648 1476 2687 multi
1489 2676 1498 2692 ,
1519 2647 1629 2694 signi-

237 2716 409 2758 ficentur;
431 2715 478 2750 cf.
495 2715 682 2749 Ruhnken.
707 2715 752 2749 ad
776 2713 860 2748 Ter.
883 2712 989 2746 Andr.
1013 2710 1054 2754 1,
1078 2710 1122 2751 1,
1143 2707 1202 2745 50.
1226 2708 1315 2745 Sall.
1339 2708 1419 2755 lug.
1444 2709 1569 2753 XCIII,
1593 2707 1628 2745 2.

241 2775 398 2819 Quarum
421 2786 525 2822 quum
552 2785 690 2809 unam
724 2779 863 2818 atque
896 2773 1113 2814 alteram,
1146 2771 1227 2805 dein
1249 2771 1366 2815 plures
1385 2773 1530 2815 peteret.
1555 2767 1628 2804 cic.
