1702 2982
0 2587 22 2850 g

0 2874 17 2930 ᾗ

0 2933 26 2975 „15

474 170 833 215 IUGURTHA.
891 169 1028 213 CAP.
1058 168 1160 211 XV.
1459 171 1518 209 98

121 291 279 353 paucis
324 289 623 351 respondent:
667 287 979 348 Hiempsalem
1024 286 1086 330 ob
1127 283 1356 330 saevitiam
1388 297 1515 352 suam

124 388 183 433 ab
229 387 434 432 Numidis
481 385 790 439 interfectum3
836 383 1149 429 Adherbalem
1191 382 1310 426 ultro
1343 379 1515 425 bellum
1588 369 1590 371 ’

119 484 410 542 inferentem,
443 489 685 545 postquam
719 486 955 542 superatus
990 480 1068 536 sit,
1105 479 1247 538 queri,
1284 475 1410 536 quod
1443 476 1514 520 in-

119 582 277 627 iuriam
306 581 458 626 facere
491 580 773 639 nequivisset.
842 576 1112 638 Iugurtham
1137 575 1195 619 ab
1226 574 1395 620 Senatu
1425 588 1514 634 pe-

120 685 240 736 tere,
285 694 342 723 ne
388 693 437 723 se
476 668 608 722 alium
645 680 858 737 putarent
901 668 965 719 ac⁴
993 673 1262 718 Numantiae
1305 671 1511 739 cognitus

120 782 264 833 esset,
308 789 396 820 neu
441 774 579 820 verba
621 773 785 818 inimici
833 777 935 816 ante
979 770 1099 814 facta
1152 784 1232 814 sua
1276 774 1509 828 ponerent.

117 938 248 982 suffic,
280 948 387 983 qnam
409 939 536 984 vulgus
568 938 799 983 interpretum
822 939 992 972 autumet.
1039 932 1171 968 Utilius
1203 935 1298 967 certe
1328 935 1406 968 erat
1432 942 1511 967 mo—

116 1011 220 1042 nere,
253 998 462 1034 senteutiam
495 998 613 1033 addito
647 998 852 1042 pronomine
882 1006 1023 1042 prorsus
1054 995 1164 1028 aliam
1197 993 1367 1036 evadere,
1401 1003 1512 1037 quam

117 1061 194 1096 sine
214 1072 268 1095 eo.
314 1060 367 1094 Ea
387 1064 440 1094 est
463 1059 556 1093 enim
578 1059 792 1104 pronominis
815 1058 891 1100 vis,
916 1062 954 1092 nt
978 1055 1154 1101 significet
1175 1055 1360 1089 saevitiam
1382 1054 1512 1088 Hiem-

117 1121 210 1167 psali
232 1121 338 1156 tuisse
358 1121 535 1165 propriam
548 1144 558 1163 ,
581 1129 794 1162 saevamque
816 1116 891 1151 eius
914 1124 1081 1153 naturam
1103 1115 1274 1151 Numidas
1296 1115 1342 1150 ad
1366 1115 1512 1150 caedem

117 1181 309 1228 impulisse.
355 1182 457 1225 Quae
487 1191 611 1215 caussa
641 1184 680 1214 ut
713 1179 835 1213 valere
867 1181 1005 1222 poterat
1037 1178 1083 1212 ad
1107 1179 1240 1211 factum
1262 1176 1511 1216 excusandum,

64 1278 74 1289 K
116 1243 167 1286 ita
188 1242 444 1278 multo-levius
473 1241 584 1282 foret,
613 1240 642 1274 si
676 1240 719 1274 ob
752 1239 937 1274 caevitiam
969 1238 1103 1273 occisus
1127 1237 1320 1279 diceretur-3
1355 1247 1437 1270 nam
1461 1236 1513 1270 sic

114 1294 232 1350 magis
252 1303 431 1349 singulare
453 1301 595 1346 aliquod
620 1302 776 1343 factum,
805 1311 910 1344 quam
933 1299 1135 1334 universum
1158 1309 1293 1333 morem
1316 1297 1511 1343 significari

115 1369 222 1411 patet.
267 1365 322 1399 De
344 1375 410 1398 usu
431 1362 649 1408 pronominis
683 1373 714 1395 v.
741 1361 954 1396 Ramshorn.
989 1361 1149 1395 Gramm.
1183 1360 1260 1394 Lat.
1294 1359 1328 1403 §-
1360 1358 1450 1401 158,
1473 1358 1511 1394 4.

114 1437 150 1472 p.
173 1424 255 1460 34⁰.
275 1443 320 1450 -
349 1425 483 1459 Ultro
508 1425 633 1459 bellum
656 1424 865 1466 inserentem
890 1422 913 1456 i.
936 1434 967 1456 e.
993 1416 1040 1455 ἑο
1065 1421 1272 1455 iniuriarum
1295 1431 1510 1465 progres—

115 1498 165 1522 su
180 1498 216 1521 a
243 1490 284 1521 ut
307 1485 371 1520 bel.
394 1486 551 1529 inferret.
586 1485 632 1518 ci'.
656 1484 699 1517 de
722 1482 828 1516 huius
852 1482 1050 1526 particulae
1072 1484 1240 1525 potestate
1263 1485 1298 1514 et
1320 1492 1385 1514 usu
1408 1484 1512 1515 acute

115 1546 350 1590 disputantem
371 1546 508 1580 LudoV.
539 1543 787 1579 Doederlinum
812 1543 848 1576 in
871 1542 1065 1587 Synonym.
1098 1543 1178 1576 Lat.
1210 1541 1253 1575 Τ.
1278 1541 1339 1575 111.
1363 1553 1399 1584 p.
1428 1540 1511 1576 1⁰2.

42 1654 49 1661 μ
114 1607 270 1650 Herzog.
295 1605 341 1639 ad
363 1606 461 1641 Caes.
481 1605 525 1639 Β.
549 1605 592 1638 G.
616 1604 645 1645 Ι,
666 1603 701 1637 9.
726 1615 759 1647 p.
778 1601 837 1637 29.
885 1603 1056 1647 Exempla
1078 1603 1191 1637 multa
1213 1601 1398 1645 praebebit
1414 1603 1521 1637 Dra-‘
1575 1626 1582 1635 .

115 1666 305 1701 kenborch.
339 1666 386 1700 ad
417 1665 495 1699 Liv.
527 1665 601 1705 XL,
625 1663 683 1705 12,
703 1663 738 1698 4.
761 1681 807 1691 -
835 1663 1053 1709 Nequivisset
1076 1663 1216 1698 Curtius
1238 1673 1280 1696 ex
1303 1662 1510 1698 melioribus

114 1727 216 1761 libris
238 1730 332 1760 recte
353 1725 491 1769 scripsit
511 1736 575 1769 pro
597 1725 746 1770 vulgato
768 1726 959 1769 nequisset,
992 1725 1088 1769 quod
1110 1723 1283 1759 Weissius
1307 1735 1376 1757 non
1399 1724 1509 1759 aliam

114 1787 163 1823 ob
185 1797 363 1829 caussam,
396 1797 503 1830 quam
525 1785 610 1830 quia
632 1785 669 1820 in
692 1785 910 1829 interpolatis
933 1786 1011 1820 edd.
1036 1785 1189 1831 legitur,
1221 1784 1374 1829 repetiit.
1393 1805 1439 1810 -—
1463 1786 1509 1820 Se

113 1851 197 1884 unte
218 1849 327 1882 alium
348 1859 437 1882 unus
453 1847 586 1882 Wassii
608 1851 644 1882 et
666 1851 736 1882 tres
756 1858 799 1881 ex
822 1846 920 1881 Italis
939 1846 1122 1880 Gerlachii
1144 1846 1245 1880 codd.
1268 1857 1339 1880 non
1361 1846 1505 1880 habent.

114 1909 292 1952 coruum,
323 1909 385 1953 qui
414 1909 563 1950 abiecit,
593 1919 777 1952 sequerer,
802 1907 834 1942 si
867 1907 1030 1941 meliores
1054 1907 1139 1942 libri
1166 1907 1204 1942 in
1227 1907 1356 1942 omisso
1380 1918 1508 1951 prono-

113 1970 207 2005 mine
229 1970 483 2012 consentirent3
516 1980 600 2004 nam
633 1970 755 2003 abesse
784 1980 887 2012 posse
910 1967 1122 2003 ostendimus
1141 1968 1185 2002 ad
1210 1968 1288 2003 Cat.
1314 1967 1446 2010 XXXI,
1469 1968 1522 2012 7„

114 2035 150 2065 et
172 2031 218 2064 ad
252 2030 332 2075 Ing.
355 2031 446 2073 XIV,
479 2030 535 2073 3.;
577 2031 638 2065 sed
669 2030 707 2065 h.
729 2031 755 2063 l.
786 2030 949 2074 proxima
978 2040 1023 2063 ue
1057 2029 1184 2063 vocula
1208 2028 1314 2064 facile
1343 2028 1507 2074 intercipi

115 2089 242 2134 potuit.
262 2110 309 2117 ——
332 2091 503 2125 natarent
531 2102 594 2135 per
627 2090 768 2136 synesin
801 2092 847 2126 ad
880 2092 1049 2125 Senatum
1072 2090 1248 2131 relatum3
1281 2089 1325 2124 de
1347 2101 1417 2134 qua
1438 2101 1505 2124 nu-

115 2150 205 2185 meri
230 2161 273 2184 ex
298 2162 399 2185 seusu
421 2151 535 2196 potius
560 2163 668 2195 quam
698 2163 741 2185 ex
765 2151 1000 2197 grammatica
1032 2151 1148 2185 forma
1170 2150 1350 2195 pendentis
1371 2151 1509 2186 ratione

114 2210 268 2245 diximus
289 2211 336 2245 ad
370 2211 472 2245 Catil.
505 2212 675 2254 XXXIX,
696 2211 731 2247 3.
756 2224 792 2257 p.
817 2212 899 2248 183.
945 2213 1063 2255 Quam
1085 2211 1266 2246 familiare
1288 2216 1406 2247 autem
1428 2213 1508 2248 fue—

113 2271 162 2306 rit
184 2270 356 2306 Romanis
388 2277 530 2306 senatus
564 2276 599 2306 et
621 2278 820 2308 senatorum
842 2273 1019 2307 notionem
1044 2272 1259 2317 cogitatione
1281 2273 1506 2319 permiscere,

111 2332 245 2378 ingenti
269 2332 510 2376 exemplorum
533 2332 636 2382 eopia
658 2333 777 2367 docuit
798 2333 1060 2368 Drakenborch.
1083 2334 1129 2367 ad
1153 2333 1230 2368 Liv.
1251 2334 1311 2377 IV,
1334 2334 1393 2376 58,
1412 2333 1446 2368 4.
1459 2353 1506 2360 —

112 2394 168 2428 De
190 2394 341 2428 dictione
365 2394 471 2427 verba
507 2388 612 2428 ante
638 2396 742 2438 sacta
771 2405 940 2439 ponere
974 2405 1009 2428 v.
1042 2398 1164 2429 notata
1186 2395 1232 2429 ad
1254 2395 1331 2430 eat.
1356 2396 1447 2438 Llll,
1468 2394 1506 2430 3.

113 2454 185 2489 Cic.
211 2455 254 2489 de
289 2454 361 2490 off.
385 2455 422 2496 1,
446 2453 504 2488 24.
542 2453 601 2490 84.
635 2455 718 2490 Non
739 2456 796 2489 Ιιίο
815 2454 967 2499 ponebat
989 2465 1142 2489 rumores
1166 2461 1250 2491 ante
1271 2457 1433 2491 salutem.
1457 2455 1505 2492 cr.

111 2515 231 2551 fland.
256 2515 300 2549 de
324 2515 472 2550 Partice.
497 2516 576 2551 Lat.
599 2515 644 2550 Τ.
666 2517 697 2551 1.
720 2528 757 2561 p.
778 2515 874 2558 386„
896 2514 958 2560 qni
979 2514 1161 2550 verissime
1182 2517 1342 2560 monuit,·
1377 2516 1460 2551 inde
1480 2527 1504 2552 a

113 2579 280 2621 vergente
301 2576 442 2610 demum
465 2587 574 2611 aurea
597 2580 713 2611 aetate
734 2577 828 2610 hunc
851 2575 986 2610 dicendi
1008 2577 1154 2611 modum
1177 2576 1379 2612 invaluisse.
1418 2576 1503 2611 lan·

113 2647 240 2671 manno
265 2636 471 2671 Gerlachius
493 2638 664 2681 persuasit
686 2638 808 2673 tmesin
830 2648 918 2679 esse,
942 2648 984 2671 ex
1006 2649 1074 2672 usu
1097 2637 1336 2682 antiquiorum
1357 2637 1504 2682 scripto-

111 2708 192 2731 rum
223 2697 394 2742 petitam,
430 2698 529 2743 quasi
560 2697 724 2744 legitima
762 2697 855 2734 ratio
894 2701 983 2734 esset
1015 2710 1083 2733 neu
1114 2699 1222 2735 verbu
1253 2703 1501 2744 anteponerent

105 2758 219 2800 sacta.
