1716 2996
278 127 340 171 w
415 111 422 118 '
745 159 749 162 ,
830 116 834 123 Χ
886 120 1075 170 ‘INDEX
1101 123 1118 131 ·“

274 237 417 275 Scilicet
439 248 525 272 eum
545 235 662 273 ironia
683 237 880 284 confirmat,
902 239 930 275 1.
954 239 1015 286 31,
1038 240 1096 277 19.
1143 241 1205 288 41,
1228 240 1267 279 3.

273 297 395 342 Scipio
420 297 557 331 Nasica
579 296 673 341 (R),
689 297 718 331 Ι.
744 296 804 348 27,
826 296 862 331 4.

274 356 433 390 Scribere
455 355 652 396 haeredem,
676 354 857 398 proprium
880 349 1095 399 verbum,1.
1121 355 1179 398 65,
1203 357 1239 392 1.

272 414 457 448 Scutorum
476 424 560 447 usus
581 412 676 456 apud
699 412 843 456 pedites,
865 423 934 447 nou
958 414 1052 458 apud
1075 415 1230 458 equites,
1251 415 1286 452 1.
1303 415 1386 461 101,
1409 415 1446 451 4.

272 472 487 506 Secessiones
506 470 620 516 plebis
642 480 665 504 a
688 469 859 505 Sallustio
882 476 1200 516 commemoratae,
1238 474 1278 508 G.
1302 473 1368 516 33,
1391 474 1427 508 3.
1474 474 1501 508 Ι.
1523 473 1583 520 31,
1609 473 1667 512 17.

269 529 412 564 Secreto
436 527 646 563 adverbium
669 528 855 563 confusum
879 540 961 563 cum
983 529 1156 565 adieetivo
1180 537 1326 575 secreta,
1347 532 1374 567 1.
1397 531 1458 575 29,
1482 531 1517 568 5.
1582 550 1586 551 ’

270 588 395 621 Secum
417 587 492 632 ipse
515 586 646 620 rectius
669 596 777 630 quam
799 587 875 632 ipse
896 598 1021 627 secum,
1044 589 1084 622 G.
1106 587 1163 631 32,
1188 590 1223 624 1.

269 644 429 679 Secundo
451 644 544 678 mari
565 644 619 678 ire
640 643 664 678 i.
689 655 722 688 q.
748 642 1095 696 secuudum„mare
1082 656 1149 690 1re,
1166 646 1195 681 1.
1223 646 1281 693 19,
1305 647 1341 684 3.

269 703 450 737 Secundus
472 700 497 737 i.
520 712 555 745 q.
580 702 716 745 favens,
739 702 767 736 1.
791 700 849 744 65,
872 701 909 739 3.

269 760 465 794 Secundum
488 758 703 803 praepositio
726 763 760 794 et
783 760 1004 803 adverbium,
1027 761 1056 797 1.
1074 760 1137 804 14,
1160 760 1197 798 3.

268 818 418 852 Securus
442 816 525 860 quid
549 817 690 852 differat
713 818 758 852 ab
783 823 890 861 tutus,
913 819 941 853 1.
966 818 1025 864 88,
1048 818 1084 854 2.

267 875 375 910 Secus
395 875 489 909 unde
510 875 706 918 descendat,
730 876 757 912 l.
780 875 840 919 92,
860 875 895 914 4.

266 934 374 969 Secus
395 934 527 975 cedere,
550 934 826 979 euphemismua
850 935 881 971 1.
901 933 961 978 20,
984 933 1020 970 5.

269 991 344 1026 Sed
366 991 540 1036 particula
561 993 739 1027 redeuntis
765 992 810 1028 ad
833 993 882 1035 id,
906 994 998 1028 unde
1021 993 1206 1039 degressus
1228 994 1318 1037 erat,
1340 992 1379 1030 0.
1406 991 1464 1037 23,
1487 991 1522 1027 1.

266 1050 340 1084 Sed
360 1049 549 1084 transitum
571 1055 674 1094 parat
698 1050 741 1085 ad
764 1052 954 1093 contraria,
974 1051 1001 1086 1.
1025 1044 1084 1094 21,
1107 1052 1143 1086 2.
1189 1051 1249 1094 33,
1270 1050 1306 1086 4.

266 1108 339 1142 Sed
366 1107 563 1152 particulae
584 1108 622 1142 in
644 1109 946 1144 enunciationibus
969 1109 1198 1144 adversativis
1219 1109 1349 1154 duplex
1369 1107 1436 1150 vis,
1459 1108 1498 1142 C.
1523 1106 1581 1149 51,
1603 1105 1660 1141 13.

265 1165 338 1201 Sed
360 1165 496 1200 duobus
523 1167 735 1210 praedicatis
765 1167 922 1202 ciusdem
956 1166 1053 1201 vocis
1084 1167 1330 1211 interpositum
1363 1165 1513 1200 subiecti
1545 1163 1661 1199 notio-

358 1233 441 1257 nem
462 1224 728 1268 angustioribus
749 1225 878 1259 finibus
893 1225 1070 1270 astringit,
1092 1226 1121 1260 Ι.
1145 1225 1204 1266 75,
1228 1226 1264 1263 4.
1310 1224 1370 1267 85,
1395 1222 1453 1258 15.

265 1280 339 1317 Sed
360 1292 431 1316 non
454 1281 599 1326 ponitur
620 1294 686 1327 pro
708 1284 770 1318 sed
793 1283 921 1326 etiam,
952 1283 1014 1317 ubi
1037 1294 1107 1317 non
1129 1284 1232 1318 modo
1255 1281 1451 1327 praecedit,
1477 1281 1517 1315 C.
1540 1279 1598 1325 18,
1620 1279 1658 1314 7.

356 1338 425 1383 39,
454 1339 491 1376 6.

260 1394 335 1430 Sed
357 1396 539 1440 omissum,
564 1397 604 1433 G.
627 1395 687 1441 35,
709 1396 746 1430 2.
793 1395 851 1440 58,
874 1395 932 1431 14.
978 1396 1007 1432 Ι.
1029 1397 1089 1442 21,
1111 1396 1148 1434 2.
1191 1395 1254 1442 24,
1275 1395 1314 1432 2.
1357 1395 1418 1440 24,
1439 1395 1498 1430 10.

262 1454 394 1489 Sedere
416 1455 460 1489 de
482 1454 658 1491 iudicibus
680 1454 826 1498 dictum,
849 1456 888 1491 C.
912 1455 971 1498 31,
996 1455 1031 1490 7.

263 1512 366 1547 Sedis
388 1514 490 1548 iuxta
512 1514 757 1558 imperatorem
779 1514 904 1556 honor,
926 1514 953 1548 1.
979 1511 1037 1557 65,
1061 1512 1097 1547 2.

262 1571 432 1609 Seditiosi
452 1573 687 1619 magistratus
708 1571 872 1606 dicuntur
894 1570 1027 1606 tribuni
1050 1571 1111 1614 pL,
1130 1570 1157 1605 1.
1182 1569 1240 1614 73,
1263 1570 1298 1606 4.

262 1628 360 1664 Sella
382 1630 480 1665 iuxta
503 1630 754 1675 imperatorem
778 1630 903 1674 posita,
926 1628 1123 1669 honorifica
1144 1628 1224 1670 fuit,
1247 1629 1276 1662 1.
1300 1625 1359 1670 65,
1382 1627 1419 1662 2.

261 1687 406 1733 Semper
428 1700 499 1724 vox
520 1700 590 1723 non
613 1688 684 1724 coit
706 1700 771 1733 per
791 1688 938 1734 hyphen
961 1698 1042 1722 eum
1066 1686 1227 1733 proximo
1247 1685 1478 1729 substantim,
1501 1686 1530 1720 1.
1546 1685 1603 1729 76,
1618 1685 1653 1721 3.

260 1745 468 1791 Sempronia
491 1748 556 1789 lex,
579 1748 607 1782 1.
633 1747 692 1790 27,
716 1746 752 1783 3.

257 1803 411 1839 Senatus
433 1805 632 1850 genitivum
659 1805 775 1841 senati
796 1803 906 1840 habet
937 1803 1031 1849 apud
1053 1802 1162 1846 SalL,
1196 1802 1237 1838 C.
1267 1802 1336 1847 30,
1367 1802 1402 1838 3.
1448 1802 1517 1847 53,
1541 1803 1578 1839 1.
1624 1805 1654 1840 1.

350 1862 411 1906 25,
436 1863 493 1901 11.

258 1918 412 1955 Senatus
437 1921 651 1956 vocabulum
672 1931 776 1965 saepe
797 1920 956 1965 sequitur
986 1919 1134 1965 pluralis
1156 1919 1275 1964 verbi,
1309 1919 1338 1955 1.
1362 1920 1430 1963 28,
1452 1920 1487 1957 2.
1533 1919 1592 1964 95,
1616 1921 1651 1956 1.

256 1978 408 2014 Senatus
435 1981 653 2026 populusque
675 1979 777 2014 Rom.
806 1978 984 2014 interdum
1016 1978 1089 2014 alio
1127 1979 1318 2015 verborum
1353 1980 1476 2015 ordine
1508 1979 1651 2024 dicitur,

350 2038 379 2073 Ι.
402 2038 461 2083 41,
485 2039 522 2075 2.

256 2094 390 2131 Senatu
412 2108 560 2139 movere,
579 2106 650 2130 nou
672 2106 843 2138 amovere,
866 2094 906 2129 C.
928 2094 988 2139 23,
1011 2094 1047 2130 1.

259 2152 470 2189 Senatorum
492 2165 653 2189 numerus
675 2163 697 2188 a
719 2152 868 2188 Caesare
890 2155 1034 2195 auctus,
1058 2152 1086 2187 1.
1110 2152 1147 2195 4,
1170 2152 1207 2191 4.

258 2210 442 2247 Senescere
463 2211 488 2246 i.
512 2223 546 2257 q.
572 2212 761 2254 debilitari,
786 2212 825 2246 G.
849 2210 908 2254 20,
933 2211 989 2245 10.
1035 2211 1063 2245 1.
1086 2209 1145 2253 35,
1169 2211 1205 2247 3.

256 2268 404 2304 Semina
425 2269 523 2305 vocis
545 2271 692 2316 propria
714 2273 750 2306 et
771 2270 941 2304 translata
962 2272 1126 2314 potestas,
1149 2269 1188 2303 C.
1205 2267 1264 2311 37,
1286 2267 1323 2304 5.

255 2326 462 2362 Sententia.-
498 2340 540 2365 ex
574 2329 749 2365 sententia
775 2327 893 2374 aliud,
928 2339 1036 2373 quam
1069 2338 1111 2363 ex
1143 2327 1254 2362 animi
1283 2326 1352 2362 mei
1386 2327 1583 2387 sententia,
1613 2327 1641 2362 1.

347 2382 407 2427 85,
433 2385 493 2421 27.
621 2416 623 2418 .

255 2441 361 2488 Sequi
383 2446 419 2477 et
442 2443 579 2489 assequi
600 2443 755 2489 aliquam
777 2455 849 2479 rem
870 2443 1048 2489 quomodo
1065 2442 1215 2487 differat,
1238 2442 1280 2480 G.
1302 2439 1361 2486 54,
1382 2442 1418 2478 6.

256 2500 365 2546 Sequi
387 2502 557 2547 aliquid
544 2514 569 2536 1.
592 2514 625 2547 q.
649 2506 824 2547 appetere,
846 2503 886 2537 C.
911 2501 970 2547 58,
995 2500 1054 2536 13.

254 2560 362 2605 Sequi
380 2564 462 2605 post
484 2550 639 2605 aliquam
660 2571 744 2602 rem,
767 2559 796 2594 1.
814 2558 872 2601 55,
889 2559 924 2594 3.

256 2618 362 2663 Sequi
383 2617 458 2652 sine
481 2628 566 2652 casu
587 2617 753 2662 positum,
776 2618 816 2654 G.
839 2617 897 2660 57,
911 2617 947 2652 3.
992 2617 1020 2652 1.
1042 2615 1102 2658 55,
1125 2615 1163 2652 3.

254 2675 359 2710 Seria
382 2678 417 2708 et
438 2675 518 2709 ioca
540 2685 645 2719 caepe
667 2675 938 2721 coniunguntur,
960 2674 988 2710 1.
1013 2674 1072 2714 96,
1092 2673 1128 2709 2.

251 2732 402 2779 Serpens
424 2733 659 2771 masculinum
681 2734 776 2780 apud
798 2734 901 2780 Sall„
924 2732 953 2768 1.
977 2731 1038 2776 89,
1058 2730 1096 2769 5.
