1702 2982
1360 90 1379 98 a

170 138 201 179 8
534 132 583 176 G.
611 130 955 177 SALLUSTI
984 131 1214 175 CRISPI

175 265 312 312 quam
358 255 573 312 regerent
616 265 766 308 casus,
820 254 868 295 et
901 264 958 295 eo
991 248 1307 310 magnitudinis
1340 249 1568 310 procede·-

176 353 302 409 rent,
337 349 402 395 uti
435 362 525 410 pro
558 346 821 395 mortalibus
856 347 1004 410 gloria
1033 347 1202 394 aeterni
1226 348 1397 394 fierent.

178 606 284 651 plane
305 605 411 642 modo
434 604 564 641 Graeci
586 604 707 640 dicunt
728 603 771 642 τὰ
795 601 893 641 πολύ
904 630 916 649 ,
938 602 982 641 τὸ
1007 603 1159 649 λοιπόν,
1182 603 1256 640 alia
1278 602 1452 650 plurima3
1480 602 1576 648 apud

179 665 323 703 Latinos
356 667 512 702 eiusdem
544 665 684 712 generis
707 669 759 701 est
777 667 1002 711 plerumque,
1036 667 1226 700 maximam
1246 671 1406 710 partem,
1438 665 1484 698 de
1506 674 1578 709 qua

179 727 372 763 accusativi
394 728 530 763 ratione
553 727 599 761 cf.
623 726 854 762 Ramshornii
878 727 1037 762 Gramm.
1059 727 1135 762 Lat.
1161 729 1194 770 §.
1215 727 1296 768 132,
1317 725 1351 761 5.
1371 737 1406 770 p.
1423 724 1506 760 236.
1529 742 1576 750 -

181 788 372 833 Sequentia
404 789 553 834 pessime
581 789 718 834 accepit
750 788 998 830 Kunhardtus,
1033 788 1188 833 protasin
1211 791 1289 833 post
1311 798 1414 822 casus
1436 786 1579 820 demum

179 849 390 894 finiendam,
415 851 647 895 copulamque
671 850 855 884 delendam
875 861 1028 892 censens,
1051 859 1265 894 quamquam
1288 860 1332 883 ne
1353 848 1478 881 caussa
1499 845 1580 891 qui-

180 910 262 945 dem
283 914 358 946 tam
380 910 517 955 ineptae
537 910 742 947 mutationis
764 910 894 954 addita,
917 910 984 945 nisi
1007 910 1099 944 forte
1128 922 1238 956 neque
1259 929 1307 935 —
1331 914 1366 944 ct
1386 908 1581 953 particulae

181 972 277 1007 male
301 983 389 1007 eum
417 973 627 1007 habuerunt.
673 972 743 1007 Sed
773 983 896 1006 earum
927 983 1030 1007 usum
1053 970 1126 1005 iam
1150 970 1290 1005 Cottius
1312 970 1398 1005 satis
1419 970 1580 1004 illustra-

181 1035 302 1075 verat,
339 1033 422 1067 coll.
446 1033 526 1078 lug.
552 1033 633 1076 XX,
656 1030 690 1069 5.
724 1033 852 1076 XXIV,
875 1031 908 1068 5.
942 1033 1074 1075 XXXI,
1098 1032 1155 1067 16.
1187 1032 1313 1073 LXIX,
1337 1031 1371 1066 1.
1395 1030 1522 1072 LXXI,
1545 1028 1581 1067 5.

180 1092 340 1136 LXXIV,
364 1094 400 1128 1.
443 1094 637 1139 LXXXIV,
660 1093 697 1130 3.
739 1094 915 1136 LXXXV,
940 1093 975 1129 6.
1022 1093 1106 1130 Ter.
1129 1093 1222 1128 Eun.
1249 1093 1291 1136 V,
1318 1091 1355 1136 5,
1376 1092 1436 1127 21.
1478 1090 1582 1126 Ovid.

181 1155 329 1190 Metam.
352 1155 446 1197 XIV,
469 1154 551 1192 841.
590 1155 637 1190 cf.
668 1155 777 1191 etiam
808 1157 952 1191 Passov.
987 1155 1032 1190 ad
1055 1153 1175 1189 Taciti
1197 1154 1318 1190 Germ.
1342 1166 1374 1190 c.
1399 1154 1442 1188 Π.
1468 1165 1502 1198 p.
1523 1151 1581 1188 86.

183 1216 268 1253 Gar.
288 1216 407 1252 Beier.
432 1216 478 1251 ad
502 1216 576 1254 Cic.
599 1216 643 1251 de
667 1216 741 1252 off.
763 1218 791 1260 1,
806 1217 865 1259 21,
883 1217 941 1253 72.
959 1227 993 1262 p.
1012 1215 1092 1251 169.
1117 1220 1153 1251 et
1175 1216 1219 1250 ad
1242 1216 1306 1258 111,
1319 1215 1355 1259 4,
1375 1215 1432 1250 20.
1449 1227 1482 1260 p.
1497 1212 1585 1249 215}

181 1278 352 1312 Kuelrner
375 1278 420 1312 ad
444 1277 518 1315 Cic.
545 1277 654 1314 Tusa.
679 1278 708 1320 Ι,
732 1276 765 1313 4.
789 1277 823 1315 ⁷.
847 1277 968 1322 Neque
991 1280 1108 1312 tamen
1131 1276 1381 1322 negligendum
1403 1279 1466 1319 est,
1491 1275 1584 1320 quod

183 1339 413 1374 Frotscherus
435 1338 573 1373 monuit
595 1339 641 1373 ad
664 1337 832 1383 Quinctil.
842 1339 887 1382 X,
906 1338 940 1380 1,
960 1338 995 1373 2.
1015 1350 1049 1382 p.
1058 1338 1094 1374 9.
1117 1337 1179 1372 ubi
1204 1342 1282 1383 post
1303 1348 1414 1383 neque
1436 1340 1585 1382 ponatur

184 1404 233 1444 et,
256 1400 500 1446 gradationem
517 1399 608 1444 fieri,
633 1400 852 1434 Graecorum
871 1410 1008 1443 quoque
1025 1396 1111 1435 οὔτε
1132 1417 1180 1424 --
1202 1411 1240 1435 τε
1256 1398 1435 1444 particulis
1451 1398 1586 1432 indica-

184 1464 271 1498 tam.
296 1462 394 1496 Idem
413 1460 555 1496 uberius
572 1463 774 1505 persecutus
793 1463 845 1494 est
859 1461 1013 1506 Herzog.
1027 1460 1071 1495 ad
1084 1460 1187 1498 Catil.
1198 1462 1345 1503 XXXII,
1356 1460 1389 1495 l.
1401 1472 1434 1505 p.
1446 1459 1527 1494 164.
1538 1479 1586 1485 -

185 1522 294 1558 Haud
316 1522 420 1567 pauci
444 1521 544 1557 codd.
568 1520 670 1555 vario
692 1521 770 1556 loco
793 1522 932 1555 casibus
954 1522 1013 1555 vel
1036 1533 1060 1556 a
1084 1522 1220 1557 casibus
1241 1522 1416 1562 inserunt,
1453 1519 1587 1554 scilicet

186 1586 226 1619 ut
249 1583 296 1618 ad
318 1582 518 1629 legitimam
541 1585 756 1617 structuram
779 1581 869 1616 nihil
887 1581 995 1624 ‹lesit3
1017 1583 1078 1616 sed
1101 1593 1137 1618 v·
1161 1582 1206 1617 ad
1229 1583 1306 1618 cat.
1329 1593 1360 1616 c.
1383 1581 1442 1623 LI,
1463 1579 1523 1615 38.

279 1646 336 1679 uti
354 1655 421 1689 pro
444 1644 668 1688 mortalibus]
695 1644 812 1688 Vulgo
836 1642 1006 1677 edebatur
1027 1643 1087 1677 ubi
1105 1654 1170 1688 pro
1193 1649 1293 1679 mort.
1301 1657 1316 1686 ‚·
1348 1644 1409 1679 sed
1432 1643 1487 1679 uti
1504 1654 1590 1679 vera

187 1704 361 1750 scriptura
384 1709 461 1749 est,
484 1705 628 1740 firmata
652 1703 860 1739 auctoritate
883 1703 983 1739 codd.
1006 1704 1078 1739 Inc.
1102 1705 1136 1738 2.
1162 1705 1282 1739 Guelf.
1300 1706 1334 1740 2.
1351 1706 1386 1742 4.
1411 1705 1587 1740 Commel.

186 1765 265 1802 Pal.
289 1765 325 1801 6.
348 1765 383 1803 9.
407 1766 515 1802 Bern.
540 1767 575 1801 3.
599 1769 634 1801 et
656 1765 774 1800 Berol.
798 1765 855 1806 2.,
887 1764 1013 1808 quibus
1044 1765 1212 1799 accedunt
1245 1765 1365 1801 Guelf.
1389 1765 1448 1802 10.
1473 1765 1530 1800 12.
1554 1769 1590 1801 et

186 1826 266 1864 Pal.
297 1826 356 1862 1⁰.
379 1832 420 1862 ut
443 1827 674 1862 ostendentes.
723 1827 814 1861 Eam
838 1824 1048 1860 Gerlachius
1070 1824 1108 1858 in
1131 1828 1226 1859 textu
1249 1826 1395 1861 maioris
1416 1826 1471 1861 ed.
1495 1831 1591 1862 recte

189 1898 389 1932 expressam
413 1891 447 1923 et
470 1888 508 1923 in
532 1888 743 1923 Commentt.
767 1898 801 1931 p.
826 1885 908 1920 215.
931 1886 1129 1929 defensam,
1160 1898 1279 1921 rursus
1308 1887 1345 1922 in
1377 1887 1513 1922 minore
1535 1889 1589 1923 ed.

189 1947 341 2000 pessime
373 1949 547 1993 deseruit,
580 1949 731 1994 vulgata
762 1946 935 1982 restituta.
988 1948 1055 1981 Ubi
1086 1947 1180 1981 enim
1209 1948 1255 1983 ad
1278 1960 1317 1983 eo
1339 1949 1491 1983 relatum
1522 1960 1591 1984 non

190 2012 306 2055 potest
339 2009 408 2044 nisi
443 2011 508 2045 loci
539 2013 744 2054 potestatem
775 2007 928 2051 habere,
958 2008 1028 2042 hoc
1057 2020 1177 2043 sensue
1210 2009 1257 2044 ad
1279 2013 1413 2044 certum
1437 2008 1592 2053 aliquem

193 2070 445 2117 magnitudinis
467 2070 622 2116 gradum
645 2073 679 2104 et
702 2068 802 2114 quasi
833 2069 1023 2104 terminum
1054 2070 1367 2115 progrederentur,
1401 2082 1502 2115 quem
1532 2071 1594 2105 ubi

193 2133 416 2178 attigerunt,
452 2142 521 2166 non
545 2130 697 2174 amplius
718 2130 885 2164 mortales
909 2133 1009 2172 sunt,
1041 2131 1100 2165 sed
1136 2130 1300 2165 continuo
1322 2131 1439 2176 gloria
1461 2131 1595 2167 aeterni

193 2194 292 2229 liunt.
340 2193 441 2238 Quae
461 2190 631 2226 sententia
653 2201 760 2235 quam
783 2202 909 2235 parum
932 2190 1016 2224 huic
1039 2190 1118 2224 loco
1141 2192 1326 2227 conveniat
1349 2192 1464 2236 quivis
1486 2192 1595 2237 videt,

195 2264 308 2299 quum
329 2251 518 2287 Sallustius
540 2252 610 2285 hoc
632 2251 749 2296 potius
772 2251 887 2285 dicere
909 2251 1015 2293 velit,
1037 2250 1199 2286 homines
1221 2255 1367 2288 naturae
1389 2264 1475 2288 suae
1493 2253 1592 2287 infir-

195 2313 358 2350 mitatem
379 2313 551 2349 industria
572 2314 759 2347 emendare
780 2323 901 2357 posse,
933 2317 1114 2358 tantosque
1126 2313 1232 2357 fieri,
1263 2318 1303 2349 ut
1323 2325 1440 2359 cupra
1461 2317 1596 2349 morta-

196 2375 270 2411 lem
301 2374 539 2410 condicionem
571 2374 655 2409 elati
687 2373 804 2420 gloria
830 2374 963 2409 aeterni
995 2374 1092 2408 fiant.
1138 2374 1180 2408 In
1203 2381 1367 2419 promptu
1390 2378 1444 2408 est
1465 2378 1595 2418 autem,

197 2435 363 2472 librarios
386 2447 445 2478 eo,
478 2434 571 2480 quod
594 2446 676 2470 cum
699 2434 855 2481 genitivo
879 2434 917 2468 in
939 2445 1046 2469 unam
1077 2434 1179 2479 quasi
1208 2434 1384 2469 notionem
1407 2434 1500 2477 coit,
1530 2446 1596 2479 pro

198 2496 370 2543 primario
403 2497 599 2532 sententiae
630 2496 805 2532 vocabulo
838 2495 1031 2538 habuisse,
1069 2495 1171 2540 eique
1201 2496 1351 2531 alteram
1384 2495 1598 2540 particulam

201 2555 470 2591 accommodare
492 2556 657 2593 voluisse.
705 2556 804 2592 Tum
826 2568 887 2601 per
910 2568 948 2592 se
970 2559 1085 2601 patet,
1111 2568 1175 2601 pro
1198 2561 1299 2592 mort.
1322 2557 1360 2591 h.
1384 2558 1408 2591 l.
1433 2569 1502 2591 non
1523 2569 1599 2592 esse

202 2621 371 2663 quantum
405 2617 502 2654 cadit
532 2618 570 2653 in
601 2618 776 2661 homines,
805 2622 975 2664 quantum
998 2619 1036 2652 in
1058 2617 1252 2651 hominibus
1264 2619 1351 2662 fieri
1371 2623 1505 2663 potest,
1538 2617 1599 2652 sed

204 2679 381 2715 hominum
403 2679 497 2723 loco,
530 2679 555 2714 i.
585 2690 617 2714 e.
647 2681 753 2714 exuta
784 2678 989 2714 mortalium
1011 2677 1268 2715 imbecillitate.
1315 2680 1434 2724 [Idem
1461 2678 1532 2715 dici
1557 2689 1599 2714 esc

206 2739 411 2777 mortalibus
433 2742 584 2786 poterat.
632 2739 680 2775 cf.
701 2739 795 2776 infra
810 2739 857 2782 X,
874 2739 910 2777 2.
939 2739 1032 2784 Fa]
