1702 2982
119 158 243 210 'vm
482 166 489 181 κ
581 135 1129 184 PRAEF‘ATIO.

159 256 338 321 Pragae
367 253 412 302 a.
448 253 601 302 1471).
639 256 827 318 scriptus
863 262 953 314 est,
990 261 1042 302 ut
1085 241 1133 302 in
1174 257 1266 302 fine
1301 256 1550 319 Iugurthae

160 361 413 422 notatum),
451 365 602 404 tamen
648 360 898 420 scripturae
945 359 1146 404 bonitate
1188 360 1378 405 alterum
1413 362 1551 423 longe

162 469 381 527 superat,
418 478 473 508 ac
507 447 737 507 luculento
768 467 835 506 est
870 461 1140 507 documento
1156 494 1170 520 ,
1204 478 1295 508 non
1329 464 1432 509 satis
1464 465 1553 510 cir—
1583 501 1586 502 γ

165 572 426 628 cumspecte
469 581 607 626 agere
654 579 755 621 θος,
795 565 873 624 qui
927 564 973 609 in
1018 565 1293 611 aestimando
1347 567 1555 612 codicum

164 670 313 733 pret-io
359 669 502 714 solam
543 668 851 727 antiquitatem
892 673 1120 728 spectant,
1167 683 1221 712 ac
1263 668 1302 712 si
1334 673 1457 727 quos'
1480 684 1558 714 re-

167 772 374 818 centioris
422 771 579 816 aetatis
621 785 720 814 esse
766 771 1083 830 cognoverint,
1137 771 1346 815 continuo
1387 771 1559 815 nullum

169 875 247 920 eos
283 879 359 919 aut
393 873 607 933 exiguum
640 887 771 917 usum
805 871 851 916 iu
883 887 935 916 re
970 872 1123 918 critica
1165 871 1337 917 habere
1373 878 1559 918 conten-

170 963 293 1022 dunt.
364 976 418 1022 ln
445 979 665 1035 promptu
699 979 768 1019 est
802 974 921 1018 enim
954 974 1091 1020 libros
1120 990 1176 1020 ex
1200 975 1322 1020 bono
1356 974 1562 1035 interpo-

170 1079 499 1138 lationibusque
542 1077 687 1123 libero
729 1077 940 1137 exemplo
979 1082 1026 1122 et
1061 1092 1090 1122 a
1128 1077 1345 1138 diligente
1378 1076 1561 1122 librario

172 1182 450 1242 descriptos,
500 1179 671 1225 etiamsi
715 1180 802 1224 sint
836 1151 1101 1225 recentioris
1153 1178 1361 1241 originis,
1381 1182 1385 1186 ’
1407 1185 1565 1225 tamen

172 1285 276 1347 plus
331 1284 483 1329 valere
536 1282 597 1328 ad
648 1296 803 1329 veram
853 1283 1120 1343 scripturam
1173 1282 1530 1327 constituendam
1547 1315 1564 1341 ‚

175 1402 313 1448 quam
347 1386 450 1431 satis
487 1386 689 1444 antiquos
703 1419 717 1444 ‚
765 1384 847 1430 sed
878 1400 934 1432 ex
966 1385 1197 1445 inquinato
1231 1385 1356 1431 fonte
1385 1385 1564 1431 deriva-

142 1494 257 1534 xtos.
329 1488 619 1547 Quamquam
661 1487 745 1532 ista
789 1488 1053 1549 integritatis
1098 1488 1297 1533 internae
1334 1460 1434 1532 'laus
1475 1502 1566 1533 non

177 1591 239 1636 ad
280 1595 426 1634 totum
470 1590 676 1635 codicem
718 1589 873 1636 Berol.
910 1589 955 1635 2.
990 1591 1210 1652 pertinet3
1258 1605 1364 1636 nam
1398 1589 1506 1635 inde
1539 1603 1574 1633 a»

177 1692 423 1754 Iugurthae
459 1707 497 1737 c.
534 1692 743 1740 XCVIII.
771 1692 913 1737 multo
947 1693 1102 1753 plures
1129 1708 1268 1753 quam
1302 1697 1433 1737 antea
1466 1706 1567 1736 ma-

178 1795 245 1841 las
279 1796 495 1840 lectiones
529 1793 696 1854 habet,
730 1800 782 1841 ut
809 1794 905 1840 iure
939 1795 1167 1853 coniicias,
1204 1809 1323 1854 quae
1349 1793 1456 1839 inde
1489 1809 1569 1840 us·-

174 1900 271 1956 ‘que
312 1896 375 1941 ad
414 1897 554 1942 finem
586 1898 825 1958 leguntur,
868 1891 966 1943 non>
1005 1913 1062 1943 ex
1107 1897 1295 1955 eodem,
1323 1901 1374 1941 ut
1398 1897 1567 1957 priora,
1654 1950 1655 1954 Ἰ

182 1998 265 2045 sed
313 2013 368 2043 ex
415 1999 501 2044 alio
548 1999 773 2060 valdeque
816 1999 1066 2061 depravato
1112 2000 1320 2061 exemplo
1365 1998 1567 2056 fluxisse,

183 2117 301 2162 quae
335 2116 406 2146 res
446 2075 547 2146 ’tum
588 2102 736 2147 multis
772 2103 934 2164 glossis
967 2103 1019 2155 in
1057 2103 1157 2164 ipsa
1201 2102 1342 2148 verba
1376 2100 1567 2145 auctoris
1602 2096 1605 2099 ’

182 2203 334 2261 illatis,
367 2208 462 2249 tum
495 2203 672 2249 turbato
706 2220 846 2266 saepe
875 2205 1116 2252 verborum
1141 2205 1298 2250 ordine
1327 2204 1568 2249 confirma·-

185 2312 270 2352 tur.
339 2305 415 2351 Ad
448 2305 538 2351 hoc
565 2321 652 2367 per
685 2312 831 2352 totum
858 2307 958 2352 cod.
994 2307 1167 2353 scholia
1199 2278 1390 2368 margini
1429 2304 1569 2351 ascri-

186 2413 268 2469 pta
305 2412 405 2452 sunt
419 2443 432 2467 ‚
477 2406 558 2452 sed
602 2409 761 2454 nullius
803 2410 936 2470 pretii
975 2415 1022 2454 et
1069 2410 1127 2455 ab
1168 2409 1253 2454 alia
1285 2423 1421 2454 manu
1454 2421 1567 2468 pro-

189 2509 321 2555 fecta.
393 2507 761 2570 Orthographiae
794 2513 910 2557 ratio
949 2512 1218 2573 plerumque
1258 2525 1360 2556 cum
1393 2509 1569 2571 vulgari

191 2611 418 2656 consentit.
485 2611 724 2657 Praeterea
757 2613 881 2659 haud
907 2615 1069 2675 exiguo
1104 2615 1213 2659 mihi
1243 2613 1342 2659 usui
1375 2609 1469 2657 fuit*
1488 2625 1567 2655 ac-

193 2712 463 2765 curatissima
501 2714 677 2758 collatio
722 2715 887 2760 codicia
929 2715 1271 2773 ῧοενῑὶῑὶθηεὶε,
1297 2729 1432 2775 quam
1463 2719 1567 2758 ante
