1702 2982
529 150 562 192 P
589 149 628 192 R
648 148 812 192 ‹AB-F
835 148 988 193 A'T-'I
1017 148 1068 192 Ο.
1415 168 1496 197 xm

115 272 225 317 tarta
257 270 319 315 de
334 267 537 316 :emilina
559 273 617 311 *et
647 265 869 326 Iugurtha
904 265 1202 325 confectum,
1233 282 1352 313 nunc
1392 271 1495 330 qui..

119 374 225 419 dem
265 370 468 417 nondum
513 367 650 414 edere
703 368 826 413 licuit
845 399 862 424 ‚
916 383 1189 428 quamquam
1234 370 1353 416 bene
1399 374 1506 419 εσίο,

115 475 192 520 tali
218 473 526 520 adiumento„>
546 470 746 516 lectionis
797 469 953 533 addito
989 470 1188 516 fumrum
1231 471 1368 518 fuisse
1382 506 1396 531 ,
1443 481 1495 520 ut

119 577 235 622 liber
285 590 412 620 usum
464 574 604 618 multo
657 572 901 618 faciliorem
948 572 1141 618 haberet
1154 607 1168 632 ,
1212 589 1268 618 ac
1304 576 1494 624 fortasse

116 678 424 724 nonnullorum
463 675 653 736 gratiam
705 675 789 719 isto
841 675 1018 739 nomine
1061 682 1320 721 mereretur.
1344 658 1378 701 (ᾗ
1397 679 1495 726 Sed

117 750 254 840 qutun
299 763 430 823 ‘etiarn
451 768 455 773 ’
478 761 655 821 tertium
673 758 675 760 Ι
696 742 908 821 volmnen
927 759 1085 822 ἒιιιιιὶῐὲι
1129 759 1405 826 habiturum>¹
1426 783 1494 840 sit,

115 896 231 940 quae
274 878 410 924 indici
458 877 668 923 contineri
713 877 909 922 debeant
924 909 939 933 ‚
1008 879 1143 924 satius
1197 881 1303 926 duxi
1356 884 1492 929 abso-

114 984 208 1033 luto
242 982 422 1026 demum
464 995 605 1041 opere
648 979 785 1024 talem
823 979 1043 1024 subiicere
1059 1014 1073 1038 ,
1120 983 1196 1040 qui
1241 986 1493 1033 universam

108 1083 443 1141 “annotationem
501 1082 862 1142 complectatur,
890 1131 896 1134 ,
922 1098 1060 1141 7«ιιιειιιι
1125 1085 1195 1129 vel
1261 1094 1492 1146 postrema

83 1187 208 1231 -sine
256 1184 403 1250 indice
455 1185 656 1230 emittere
674 1217 689 1240 ,
751 1183 824 1228 vel
876 1182 1026 1229 eidem
1078 1186 1194 1231 libro
1246 1187 1361 1234 duos
1406 1190 1493 1235 ad-

109 1288 308 1348 iungere.

248 1482 388 1547 Quod
422 1490 640 1534 relicum
675 1495 766 1546 est,
810 1504 903 1534 non
950 1503 1135 1549 possum
1167 1489 1274 1533 huic
1308 1492 1492 1551 praefa-

23 1620 25 1623 ψ
112 1591 220 1635 tioni
265 1592 401 1635 finem
451 1592 686 1650 imponere
704 1624 719 1647 ‚
787 1591 895 1648 quin
954 1591 1166 1635 maximas
1218 1590 1492 1638 Frotschero

0 2706 5 2724 k

112 1692 374 1736 amicissimo
409 1707 544 1752 agam
580 1690 773 1752 gratias,
821 1692 932 1750 qui,
968 1707 1242 1751 quamquam
1279 1696 1491 1754 complu-·

110 1794 231 1857 ribus
283 1794 494 1854 operibus
548 1793 607 1839 ab
666 1792 764 1852 ipso
818 1792 1001 1837 edendis
1053 1794 1186 1838 valde
1243 1802 1491 1856 occupatus

110 1895 217 1951 fnit,
260 1902 412 1952 tamen
444 1895 657 1955 precibus
695 1893 806 1939 meis
849 1900 1082 1954 permotus
1129 1896 1417 1956 plagularum
1462 1915 1491 1943 a

110 1995 374 2057 typothetae
435 1997 657 2042 erroribus
709 1995 1048 2057 purgandarum
1096 1999 1328 2059 negotium
1380 2015 1492 2060 per·-

112 2113 247 2156 quam
279 2097 515 2143 molestum
554 2098 775 2158 suscepit,
820 2103 1032 2158 tantaque
1070 2101 1322 2146 assiduitate
1355 2102 1401 2147 in
1436 2117 1492 2148 ea

111 2213 162 2243 re
199 2204 396 2243 versatus
429 2205 522 2255 est,
559 2204 609 2243 ut
641 2198 733 2244 hoc
766 2200 979 2245 volumen
1015 2203 1158 2247 multo
1201 2205 1488 2263 paucioribus

112 2314 246 2358 quam
277 2299 474 2360 primum
500 2300 611 2344 vitiis
647 2300 859 2345 affectum
896 2301 1114 2361 prodiret.
1185 2303 1316 2359 Quae
1348 2322 1488 2366 prae-

112 2405 236 2445 terea
270 2400 354 2444 fuit
386 2401 467 2445 viri
509 2401 748 2446 doctissimi
783 2402 1057 2460 humanitas,
1090 2410 1140 2449 ut
1175 2419 1249 2451 me
1275 2423 1368 2452 non
1400 2424 1487 2454 no-

110 2501 231 2547 lente
272 2502 593 2548 commentariis
641 2503 753 2548 meis
806 2503 881 2549 hic
922 2505 1014 2550 illic
1051 2521 1158 2563 *suas
1203 2502 1487 2555 anirhadver-

111 2602 254 2648 siones
290 2579 612 2664 interponeret,
659 2605 696 2650 si
730 2605 839 2665 quid
880 2607 953 2652 vel
986 2609 1235 2669 neglexisse
1269 2626 1369 2669 me,
1413 2613 1486 2657 vel

115 2717 283 2750 errasse
333 2704 528 2763 videret,
568 2706 708 2751 multo
760 2707 936 2769 saepius
988 2709 1038 2753 id
1085 2711 1248 2756 vellem
1291 2712 1484 2766 factum;

0 2872 98 2982 k
