1716 2996
251 91 282 131 8
851 91 1030 134 INDEX

251 201 435 238 Ablativns
456 201 531 237 loci
556 205 592 239 et
613 203 782 250 temporis
803 203 896 239 unde
918 203 1136 249 repetendus,
1158 204 1188 241 1.
1212 204 1271 250 30,
1293 203 1343 243 3(
1374 207 1434 252 64,
1458 208 1493 245 4.

251 261 434 296 Ablativus
457 260 527 294 loci
549 272 617 295 non
634 273 714 295 enm
737 262 861 297 ablatt.
877 263 1001 297 absoll.
1024 263 1298 307 confundendus,
1320 265 1350 301 Ι.
1373 266 1431 310 52,
1453 268 1488 303 3.

251 318 436 354 Ablatiuus
459 318 531 353 loci
554 319 590 353 in
611 319 905 362 praepositionem
919 320 1068 366 respuit,
1090 320 1153 355 ubi
1170 321 1343 358 adieetiva
1360 328 1464 367 totus,
1488 329 1640 370 amotus,
1711 343 1716 346 ·

340 377 526 422 plerusque
548 376 737 419 habentur,
760 377 788 411 1.
812 377 872 420 79,
889 377 925 412 2.

250 434 434 469 Ablatiuus
468 433 639 526 tgmporis
676 435 854 479 quomodo
886 435 1028 471 differat
1057 445 1080 471 a
1105 441 1188 481 post
1224 437 1482 483 praepositione
1511 440 1642 484 addita,

343 493 373 529 Ι.
398 492 457 537 11,

249 550 435 585 Ablativus
461 548 507 584 ad
529 547 697 603 temporis
721 547 985 619 continuitatem
1007 549 1274 596 significandam
1299 553 1498 599 adhibitus,
1520 555 1560 592 C.
1584 554 1644 600 59,

251 606 455 700 Amazon:
459 605 631 708 tiznpbris
651 673 716 708 pro
739 662 835 698 intra
859 665 1222 708 c.accus.1.11‚2.

251 724 437 759 Ablativus
460 721 558 757 modi
580 732 650 756 non
673 732 754 755 cum
778 721 888 756 ablat.
913 722 1079 767 temporis
1103 723 1374 767 confundendus,
1397 726 1435 761 C.
1460 725 1518 769 51,
1541 726 1576 762 4.

252 781 437 816 Ablativus
459 779 554 814 modi
579 790 649 824 qna
663 790 704 813 re
726 777 868 814 differat
890 790 913 815 a
937 792 1012 815 cum
1035 780 1289 826 praepositione
1309 777 1444 828 addita,
1471 785 1501 820 1.
1525 785 1584 830 53,
1607 785 1645 824 7.

345 838 406 881 6-1,
429 838 464 874 5.
512 836 570 878 65,
592 836 628 872 3.
675 836 755 878 106,
778 835 815 871 4.

253 897 460 940 Ablativus,
495 906 564 940 quo
588 894 625 928 in
648 893 912 938 comparatione
941 894 1181 941 significatur,
1216 903 1382 943 quantum
1415 911 1485 935 nna
1515 912 1571 935 res
1593 901 1648 935 ai-

344 958 458 990 teram
481 956 639 998 superet,
671 952 848 988 interdum
871 963 953 988 cum
975 954 1175 990 accusativo
1199 960 1457 1000 commutatur,
1489 958 1527 992 C.
1551 958 1588 1001 8,
1609 958 1646 993 2.

345 1012 374 1047 1.
480 1011 539 1046 22.

254 1010 457 1106 Amano?
469 1068 770 1104 substantivorum
802 1067 1000 1104 verbalium
1035 1068 1111 1104 sine
1144 1070 1459 1116 praepositionibus
1495 1071 1650 1117 ponitur,

347 1128 387 1162 C.
412 1127 471 1170 42,
495 1127 530 1162 3.
577 1128 606 1162 1.
631 1127 668 1171 2,
693 1126 728 1161 4.

255 1186 439 1221 Ablativus
462 1185 559 1220 solus
582 1183 657 1219 sine
679 1185 722 1218 ab
746 1194 904 1229 praepos.
929 1184 1068 1220 nonnisi
1084 1188 1180 1221 certa
1203 1185 1406 1222 condicione
1428 1186 1472 1223 de
1489 1187 1649 1234 personis

348 1242 510 1289 usurpari
525 1245 649 1286 potest,
675 1242 702 1275 1.
727 1240 786 1284 21,
810 1240 844 1275 3.
891 1241 949 1284 91,
973 1241 1007 1276 3.

256 1301 440 1337 Ablativus
463 1301 593 1336 omissa
615 1311 689 1334 cum
712 1309 873 1344 praepoS.
906 1299 969 1334 ubi
1003 1299 1047 1334 de
1078 1300 1230 1336 exercitu
1263 1301 1406 1347 agitur,
1442 1302 1484 1337 C.
1513 1302 1581 1345 57,
1613 1302 1650 1338 4.

348 1359 378 1394 1.
402 1358 462 1401 46,
485 1357 520 1393 5.

258 1417 443 1453 Ablate‘vus
467 1415 572 1450 unius
594 1412 805 1450 substantivi
831 1425 906 1448 cum
929 1413 1224 1458 praepositionem
1248 1416 1371 1462 exigit,
1394 1416 1425 1452 si
1448 1429 1490 1452 eo
1501 1419 1650 1481 verbum
1711 1417 1716 1423 '

352 1473 511 1510 adverbii
534 1474 614 1508 loco
638 1472 812 1515 definitur,
836 1471 864 1505 l.
888 1470 946 1513 14,
972 1470 1027 1506 15.
1073 1470 1132 1515 54,
1155 1471 1190 1507 1.

216 1546 219 1548 ·
258 1534 445 1570 Ablativus
467 1543 550 1566 cum
573 1532 610 1566 in
634 1541 796 1576 praepos.
821 1528 1026 1564 coniunctus
1063 1528 1138 1564 vim
1160 1529 1386 1566 secundariae
1406 1532 1653 1570 enuntiationis

349 1591 471 1632 habet,
497 1590 538 1624 C.
561 1590 599 1633 2,
622 1589 680 1624 10.
727 1589 756 1623 1.
783 1587 841 1630 14,
864 1586 906 1629 5;
931 1586 989 1621 ll.

259 1651 444 1686 Ablatiuus
466 1660 547 1683 cum
571 1650 608 1683 in
631 1658 792 1693 praepos.
806 1645 985 1691 significat
1011 1645 1103 1690 quod
1125 1646 1264 1688 attinet,
1287 1645 1326 1681 C.
1348 1645 1408 1691 51,
1427 1645 1486 1683 35.

259 1709 444 1744 Ablativus
470 1717 551 1740 cum
574 1706 611 1740 in
633 1700 792 1749 praepos.
827 1714 896 1748 qua
917 1703 1107 1738 sententiae
1129 1703 1328 1739 diversitate
1350 1717 1431 1741 cum
1453 1706 1654 1743 accusativo

350 1764 544 1810 permutari
566 1762 686 1808 possit,
710 1761 749 1795 C.
774 1761 834 1804 51,
857 1761 916 1796 21.
953 1762 981 1796 1.
1004 1761 1062 1803 17,
1085 1760 1120 1795 3.
1166 1761 1226 1806 41,
1249 1763 1285 1797 6.

259 1824 444 1860 Ablativus
465 1834 547 1857 cum
570 1822 606 1856 in
630 1830 789 1865 praepos.
813 1831 857 1854 ex
879 1819 997 1854 verbis
1019 1819 1229 1864 transitivis,
1251 1820 1311 1855 sed
1334 1821 1494 1857 absolute
1515 1823 1652 1868 positis,

352 1881 515 1926 pendens,
539 1880 580 1915 C.
602 1878 637 1924 9,
659 1878 696 1914 2.
743 1877 802 1921 51,
823 1877 881 1912 25.
906 1878 932 1912 1.
956 1877 991 1920 6,
1013 1876 1050 1912 3.

260 1940 445 1976 Ablativus
476 1944 560 1972 cum
591 1937 628 1972 in
658 1946 818 1981 praepos.
850 1935 913 1971 ubi
949 1946 1019 1970 non
1060 1933 1169 1986 possit
1209 1934 1289 1970 loeo
1324 1936 1518 1973 accusativi
1556 1940 1652 1984 poni,

351 1998 379 2032 1.
402 1996 437 2040 5,
461 1996 495 2031 4.

261 2054 445 2090 Ablativus
466 2051 674 2088 substantivi
701 2063 783 2086 eum
814 2049 990 2087 adieetIvo
1023 2049 1197 2086 coniuncti
1219 2051 1295 2088 vim
1318 2052 1464 2089 sustinet
1484 2054 1653 2101 simplicis

353 2110 530 2154 adiectivi‚
554 2112 583 2146 1.
606 2110 665 2154 70,
689 2109 723 2144 2.
769 2109 828 2151 79,
849 2108 886 2144 3.

262 2170 446 2206 Ablatious
469 2173 573 2214 aptus
595 2180 638 2203 ex
663 2169 858 2211 anteferre,
881 2167 908 2202 1.
934 2166 992 2208 16,
1015 2165 1051 2202 3.
1167 2203 1171 2206 ,

264 2229 450 2263 Ablativus
472 2239 542 2272 qua
564 2227 701 2262 ratione
723 2237 803 2260 cum
819 2226 995 2269 secundus
1009 2235 1095 2259 voce
1117 2223 1360 2270 coniungatur,
1379 2225 1408 2261 Ι.
1431 2226 1489 2270 17,
1513 2225 1550 2263 5.

263 2286 504 2320 Ablativorum
529 2286 672 2320 duorum
695 2283 731 2318 in
755 2284 879 2318 eadem
901 2282 1143 2318 enunciatione
1165 2281 1307 2316 diversa
1327 2283 1464 2329 relatio,
1485 2285 1514 2320 1.
1535 2284 1592 2330 13,
1615 2285 1651 2321 2.

264 2344 428 2378 Ablatiuo
453 2343 619 2378 distantia
641 2343 791 2377 duorum
813 2342 974 2376 locorum
996 2341 1210 2386 designatur,
1233 2340 1260 2374 1.
1285 2339 1344 2383 75,
1367 2341 1404 2376 2.

264 2401 447 2435 Ablativus
471 2400 738 2446 participiorum
762 2400 798 2434 in
822 2411 908 2433 —ns
931 2399 1068 2443 quando
1091 2398 1128 2432 in
1148 2399 1163 2433 ἰ
1185 2402 1294 2438 exeat,
1313 2399 1342 2432 1.
1366 2398 1424 2442 73,
1444 2399 1480 2435 3.

264 2459 421 2493 Ablativi
446 2460 595 2494 absoluti
618 2469 708 2503 quae
730 2457 775 2492 sit
797 2456 967 2501 primaria
989 2459 1153 2501 potestas,
1178 2457 1217 2493 C.
1241 2456 1299 2502 41,
1323 2457 1359 2493 3.

264 2517 447 2551 Ablativus
471 2517 643 2551 absolutus
667 2515 775 2549 sonus
791 2514 978 2560 participii,
1003 2515 1042 2548 C.
1067 2513 1126 2555 41,
1149 2512 1184 2550 5.

264 2575 447 2609 Ablativus
470 2574 646 2609 absolutus
669 2572 833 2607 adieetivi
853 2585 935 2608 cum
959 2573 1128 2607 substant.
1153 2570 1339 2614 coniuncti,
1363 2571 1402 2606 C.
1422 2571 1524 2615 ll,4.
1547 2571 1650 2616 3952.

359 2630 417 2674 46,
440 2630 476 2667 5.
523 2631 584 2674 47,
606 2630 642 2665 1.
686 2631 714 2665 1.
738 2630 774 2673 4,
797 2631 832 2665 7.
878 2629 936 2672 43,
960 2630 996 2666 6.

266 2688 452 2725 Ablativus
475 2690 650 2726 absolutus
672 2688 879 2724 substantivi
902 2691 936 2724 et
958 2688 1015 2723 Ιιίο
1040 2686 1268 2734 pronominis,
1290 2687 1318 2723 1.
1345 2685 1380 2730 4,
1402 2686 1453 2723 7.,
