1716 2996
231 186 321 227 606
596 181 644 224 G.
673 179 1000 224 SALLUSTI
1037 180 1262 226 CRISPI

233 289 423 346 ducibus
466 282 626 343 nostris
683 296 743 356 Q,
793 296 1024 359 Caepione
1064 301 1111 343 et
1154 296 1243 345 Gn.
1284 296 1458 344 Manlio
1499 299 1619 345 male

192 403 513 463 2pugnatum;
571 410 664 454 quo
721 400 846 440 metu
897 395 1025 445 ltalia
1076 395 1218 440 omnis
1255 402 1617 443 ,contremuerat.

230 499 391 556 Ibique
421 500 467 539 et
500 491 605 538 inde
638 507 780 552 usque
812 492 873 537 ad
906 499 1104 538 nostram
1129 494 1393 539 memoriam
1425 493 1622 539 Romani

231 597 295 642 sic
325 594 542 650 habuere,
570 589 657 636 alia
692 589 840 636 omnia
869 590 1017 637 virtuti
1045 605 1152 637 suae
1180 605 1327 653 prona
1363 606 1483 647 esse3
1516 602 1620 636 cum

154 735 157 744 ,
229 706 403 742 minentes
433 703 581 749 vulgato
615 702 794 738 Gallorum
817 701 960 737 nomine
982 703 1231 748 appellabant3
1254 703 1301 741 cl'.
1326 701 1399 739 Cic.
1422 702 1467 738 dc
1487 702 1617 744 Provv.

230 779 343 802 conss.
366 778 397 800 c.
424 766 480 808 13,
503 765 559 800 32.
608 765 646 800 G.
671 765 808 800 Marius
838 764 1021 809 influentes
1047 764 1085 798 in
1109 764 1251 800 ltaliam
1279 765 1520 815 Gal-lorum
1542 774 1621 798 ma-

229 829 344 863 ximas
368 828 484 872 copias
506 826 679 871 repressit.
714 826 838 860 Paullo
859 826 1092 860 accuratiores
1111 824 1147 860 in
1167 813 1367 861 nominibus
1385 825 1514 860 harum
1531 834 1619 868 gen-

229 887 319 925 tium
343 887 518 924 tradendis
541 887 682 922 fuerunt
705 888 835 922 Caesar
857 888 900 922 B.
927 888 970 923 G.
993 888 1022 931 Ι,
1045 887 1102 930 33,
1126 886 1160 922 4.
1186 888 1215 932 1,
1239 887 1298 929 4⁰,
1321 886 1356 922 5.
1380 884 1454 927 vn,
1476 883 1535 926 77,
1559 883 1617 917 12.

229 952 267 983 et
292 948 413 982 Vellei.
437 947 483 992 ΙΙ,
508 949 544 994 8,
570 949 605 984 3.
628 950 673 992 ΙΙ,
697 948 755 992 12,
779 949 815 983 2.
864 949 988 994 Effusa
1015 949 1176 984 immanis
1208 949 1262 984 ois
1294 949 1617 983 Germanarum

226 1009 412 1055 gentium,
438 1010 561 1054 quibus
582 1021 707 1045 nornen
740 1010 935 1044 Cimlrris
957 1022 998 1045 ac
1028 1010 1255 1045 Teutonis
1278 1013 1377 1050 erat,
1400 1018 1504 1052 quum
1528 1005 1619 1039 Gae-

226 1072 366 1117 pionem
402 1071 643 1116 Manliumque
676 1073 851 1114 consules,
893 1076 927 1106 et
958 1076 1041 1106 ante
1076 1071 1267 1106 Carbonem
1299 1071 1523 1113 Silanumque
1545 1067 1617 1109 fu-

228 1132 361 1167 dissent
377 1134 633 1178 fugassentque
665 1132 701 1165 in
729 1133 877 1175 Galliis,
908 1138 943 1168 et
975 1134 1148 1168 exuissent
1177 1131 1350 1174 exercitu,
1381 1132 1617 1172 Scaurumque

228 1194 410 1228 Aurelium
443 1197 478 1228 et
510 1194 598 1227 alios
631 1188 843 1227 celeberrimi
872 1195 1020 1228 nominis
1054 1193 1146 1228 viros
1175 1194 1427 1235 trucidassent,
1467 1189 1618 1236 populus

227 1255 409 1290 Romanus
444 1266 512 1288 non
543 1254 651 1288 alium
682 1255 888 1298 repellendis
918 1256 1028 1289 tantis
1053 1255 1206 1288 hostibus
1227 1254 1343 1299 magis
1366 1253 1527 1287 idoneum
1549 1252 1617 1285 im-

182 1355 186 1358 ,
223 1321 440 1362 peratorem,
475 1325 580 1359 quam
609 1315 763 1349 Marium
790 1319 841 1350 est
864 1319 975 1349 ratus.
1020 1315 1166 1349 Praeter
1188 1314 1349 1348 Cimbros
1370 1313 1617 1356 Teutonosqne

226 1378 355 1412 Florus
376 1376 438 1418 111,
460 1374 496 1418 3,
521 1373 555 1411 1.
578 1373 738 1409 nominat
760 1373 867 1417 ctiam
891 1376 1094 1420 Tigurinos,
1123 1374 1243 1410 Livius
1265 1376 1329 1419 Ep.
1351 1374 1436 1408 libri
1461 1372 1616 1407 vam.

227 1439 427 1473 Ambrones.
472 1437 528 1470 De
551 1446 676 1477 cursu,
695 1445 813 1479 >quem
840 1434 976 1469 Cimbri
1007 1436 1147 1471 sedibus
1168 1436 1240 1472 suis
1262 1435 1396 1470 relictis
1416 1437 1614 1477 tenuerunt,

226 1511 261 1534 v.
287 1499 450 1534 Strabou.
482 1496 557 1530 vn.
590 1508 627 1540 p.
655 1495 737 1530 450.
762 1496 801 1530 C.
828 1496 1002 1531 Almelov.
1026 1516 1071 1523 —
1095 1497 1225 1532 Manlii
1246 1507 1457 1541 praenomen
1478 1496 1516 1531 in
1538 1496 1614 1540 ple·

224 1561 344 1604 risque
376 1558 475 1595 codd.
510 1557 675 1592 scribitur
707 1558 786 1599 M.,·
816 1557 853 1592 in
887 1558 1006 1592 Gueif.
1041 1557 1107 1598 12„
1137 1557 1188 1599 G.‚
1219 1557 1256 1592 in
1285 1557 1402 1592 Guelf.
1436 1557 1471 1593 9.
1493 1561 1614 1592 autem

228 1623 314 1663 Gn.‚'
328 1631 482 1665 quocum
504 1618 675 1655 consentit
706 1618 782 1653 cod.
806 1619 919 1654 Paris.
954 1630 977 1654 a
999 1618 1191 1654 Gerlachio
1215 1619 1364 1654 collatus
1387 1619 1464 1654 vol.
1488 1619 1552 1653 ΙΙΙ.
1574 1630 1611 1663 p.

222 1682 320 1724 367„
353 1682 476 1716 eodem
507 1681 653 1715 ducente
682 1680 784 1715 Paris
816 1692 861 1723 z.,
893 1680 931 1714 in
964 1691 1034 1724 quo
1065 1691 1114 1714 111.
1136 1691 1205 1715 sec.
1228 1684 1411 1715 exaratum
1433 1683 1485 1716 ost
1509 1680 1626 1717 Gaio.'

222 1742 362 1778 Manlio
391 1746 509 1777 autem
546 1742 635 1776 Gaea·
656 1751 870 1786 praenomen
897 1740 1004 1776 fuisse
1025 1744 1210 1792 testantnr-
1218 1741 1319 1776 Fasti
1341 1741 1553 1783 consulares,
1576 1743 1612 1777 ct

222 1803 390 1838 meliores
421 1801 599 1838 Ciceronis
634 1812 677 1839 ae
707 1801 839 1838 Valerii
870 1802 966 1838 Max.
999 1801 1099 1838 codd.
1130 1813 1167 1840 v.
1190 1801 1301 1838 etiam
1322 1801 1446 1848 Pighii
1466 1802 1609 1838 Annali.

222 1864 329 1901 Tom.
354 1865 415 1900 111.
438 1875 473 1909 p,
496 1862 580 1900 145.
1605 1856 1613 1863 '

315 1987 350 2030 5.
382 1984 417 2022 2.
450 1997 516 2032 quo
542 1985 661 2032 metu]
705 1984 761 2020 De
791 1997 859 2031 quo
887 1983 1038 2021 relativo
1067 1994 1104 2022 v.
1125 1984 1171 2021 ad
1194 1996 1225 2020 e.
1249 1984 1337 2029 mv,
1359 1984 1394 2022 6.
1417 2003 1462 2012 -
1487 1985 1609 2032 Ibique

219 2058 291 2083 non
324 2047 563 2083 dubitavimus
593 2059 637 2082 ex
666 2046 865 2082 coniectura
898 2039 1075 2091 scribere,
1096 2058 1204 2091 quum
1237 2048 1411 2093 illique,
1443 2047 1538 2092 quod
1570 2047 1608 2082 in

221 2109 321 2144 codd.
345 2113 381 2145 et
403 2109 481 2144 edd.
505 2112 577 2153 est,
608 2108 705 2142 nullo
736 2109 840 2142 modo
860 2108 1033 2156 explicari
1054 2120 1154 2154 posse
1175 2109 1368 2144 habeamus
1390 2119 1607 2153 persuasum.

215 2171 312 2205 Nam
336 2171 428 2214 quod
453 2169 592 2205 Cottius
614 2170 669 2204 illi
689 2169 741 2204 sic
764 2169 916 2214 positum
939 2174 1076 2212 censet,
1099 2173 1139 2204 ut
1159 2169 1216 2204 vel
1239 2169 1346 2213 Itali,
1377 2170 1435 2204 vel
1454 2170 1608 2205 Romani

215 2231 472 2276 significentur,
496 2231 656 2266 neutrum
679 2229 758 2265 fieri
780 2234 904 2275 potest.
935 2232 984 2266 Ut
1006 2231 1235 2266 concedamus
1258 2228 1352 2266 enim
1373 2231 1608 2276 grammatice

215 2300 282 2336 per
306 2291 445 2336 synesin
468 2293 575 2327 licere
595 2292 650 2327 illi
672 2292 718 2327 ad
741 2291 871 2327 Italiae
893 2304 1018 2327 nomen
1041 2292 1195 2334 referre,
1220 2302 1435 2336 quamquam
1457 2291 1495 2327 id
1515 2293 1554 2329 11.
1577 2293 1605 2328 Ι.

215 2352 304 2388 satis
328 2353 455 2388 durum
478 2357 542 2396 est,
566 2352 734 2388 sententia
757 2364 899 2398 prorsus
922 2354 1037 2388 aliena
1060 2353 1186 2398 prodit.
1232 2353 1322 2388 Nam
1345 2352 1440 2397 quid,
1465 2363 1604 2397 quaeso,

217 2413 410 2455 attinebat,
446 2415 572 2457 Italos,
606 2414 777 2449 Romanis
798 2415 991 2460 subiectos,
1019 2415 1055 2449 in
1080 2418 1215 2458 partem
1239 2413 1377 2460 gloriae
1398 2423 1520 2448 eornm
1541 2422 1603 2446 vo-

217 2485 312 2517 care,
335 2485 480 2520 quorum
503 2476 627 2512 virtuti
641 2478 772 2511 uomm'a
791 2487 904 2520 prona
929 2475 1070 2511 essent?
1093 2476 1269 2510 Romanos
1289 2477 1408 2510 autem
1429 2473 1490 2508 mo
1513 2477 1603 2507 tem-

213 2546 302 2581 pore
325 2537 478 2571 viventes
498 2536 529 2570 si
553 2536 630 2580 quis
652 2548 733 2572 cum
755 2538 949 2572 laumanno
973 2536 1171 2583 intelligere
1192 2537 1297 2580 velit,
1329 2535 1360 2570 is
1381 2536 1520 2578 reputet
1541 2543 1604 2568 ne-

215 2608 288 2641 que
315 2597 352 2632 in
383 2596 662 2632 antecedentibus
695 2596 738 2632 de
769 2597 941 2634 Romanis
971 2598 1105 2633 dictum
1127 2597 1257 2640 fuisse,
1287 2600 1323 2631 et
1343 2594 1529 2640 quominus
1548 2594 1604 2629 illi

176 2701 179 2705 λ
215 2658 391 2694 Romanis
413 2658 506 2694 infra
527 2657 715 2693 nominatis
737 2663 973 2703 opponantur,
1007 2659 1145 2694 obstare
1171 2668 1241 2692 non
1263 2658 1380 2692 solum
1400 2654 1601 2690 universam

215 2720 470 2756 enunciationis
497 2718 826 2762 conformationem,
860 2720 920 2755 sed
950 2720 1056 2755 etiam
1083 2719 1199 2764 ipsam
1221 2716 1407 2753 dictionem
1432 2715 1514 2750 inde
1536 2725 1600 2749 us·-

213 2792 283 2826 que
309 2783 358 2818 ad
379 2787 535 2819 nostram
558 2782 759 2819 memoriam
782 2782 986 2818 Romani.
1042 2781 1143 2827 Quae
1173 2779 1282 2816 verba
1311 2788 1422 2824 quum
1441 2787 1513 2813 non
1534 2785 1598 2821 pro
