1702 2982
186 159 272 201 104
559 155 607 198 G.
637 152 963 198 SALLUSTI
992 151 1217 197 CRISPI

186 278 390 327 tuosum3
425 287 536 334 ager
570 273 758 334 frugum
787 271 970 329 fertilis,
1003 271 1150 315 bonus
1195 270 1382 331 pecori,
1426 270 1589 315 arbore

155 369 486 426 fiinfecundu53
534 371 664 415 coelo
698 376 911 428 terraque
950 368 1141 429 penuria
1175 382 1414 427 aquarum3
1448 382 1590 428 genus

191 466 428 512 hominum
473 468 641 513 salubri
691 480 912 527 corpore,
957 465 1116 523 velox,
1151 465 1327 526 patiens
1361 463 1593 518 laborum3

192 563 438 624 plerosque
481 569 688 610 senectus
726 562 951 618 dissolvit,
997 562 1082 608 nisi
1129 563 1207 622 qui
1242 562 1364 607 ferro
1399 566 1477 606 aut
1509 561 1594 606 be-

193 743 248 779 fit.
273 742 375 788 Quae
396 741 567 779 sententia
589 752 698 786 quam
721 741 907 777 commode
935 739 1095 775 ablativo
1125 739 1356 785 contineatur,
1379 739 1495 785 quivis
1520 751 1598 775 sen-

195 803 279 848 tiet,
307 804 368 848 qui
386 804 563 848 fecundus
585 807 622 839 et
643 804 851 848 infecundus
873 814 955 837 cum
979 801 1162 837 adiectivis
1182 802 1328 846 plenus,
1352 802 1499 847 dignus,
1519 812 1600 835 eon-

197 870 338 908 tentus,
362 864 464 907 aliis,
487 865 696 908 contulerit,
721 875 873 909 quorum
895 862 988 898 ratio
1013 862 1138 897 eadem
1161 866 1236 905 est,
1267 865 1307 897 ut
1330 861 1542 896 ostendimus
1563 861 1600 895 in

198 926 318 962 Iahnii
349 925 490 961 Annull.
522 925 649 970 philol.
680 929 718 960 et
740 925 892 970 paedag.
917 935 950 960 a.
973 922 1077 958 1829.
1103 923 1150 957 Τ.
1172 923 1219 957 11.
1242 923 1344 958 Fasc.
1368 923 1396 958 1.
1418 933 1454 966 p.
1480 921 1526 955 43
1547 933 1600 965 sq.

198 987 264 1022 ubi
287 987 393 1022 simul
416 986 592 1021 monitum
624 990 697 1029 est,
729 986 814 1030 quid
837 984 975 1020 intersit
995 984 1086 1018 inter
1109 983 1219 1018 ablat.
1243 986 1280 1017 et
1301 983 1519 1029 genitivum,
1543 982 1602 1016 eui

201 1048 300 1084 casui
317 1048 493 1093 fecundus
515 1048 678 1083 usitatius
701 1047 882 1093 iungitur,
904 1049 945 1081 ut
969 1044 1062 1089 apud
1086 1044 1219 1080 Catuli.
1239 1045 1354 1086 LXV,
1377 1032 1456 1079 281.
1482 1043 1600 1078 Tacit.

201 1110 292 1146 Ann.
315 1109 383 1151 lv,
408 1106 474 1150 65,
500 1108 535 1144 1.
565 1109 686 1143 Germ.
709 1120 740 1143 c.
769 1107 816 1154 5,
837 1109 874 1145 2.
919 1106 1078 1142 Ablativi
1101 1104 1302 1150 exemplum
1332 1105 1428 1139 idem
1458 1105 1605 1149 praebet

202 1171 293 1206 Anu.
309 1170 414 1212 xm,
431 1168 497 1213 57,
520 1169 553 1204 l.
571 1172 707 1215 flumen
730 1171 914 1217 gig-nen
927 1171 978 1204 do
1004 1180 1020 1203 s
1034 1168 1109 1201 ale
1127 1168 1330 1211 secundum.
1353 1166 1453 1211 Virg.
1472 1165 1602 1209 Georg.

201 1233 261 1276 11,
290 1231 373 1266 222.
405 1231 471 1265 illa
497 1233 644 1275 ferax
676 1231 790 1265 oleo.
839 1229 1012 1263 Weissius
1045 1239 1088 1262 ex
1112 1228 1284 1271 corruptis
1308 1227 1385 1260 edd.
1414 1225 1523 1260 edidit
1545 1236 1606 1259 ar—

203 1293 341 1328 boribus
368 1291 598 1336 insecundns;
633 1291 735 1326 Gerl.
766 1290 804 1324 in
836 1290 891 1324 ed.
917 1289 1108 1323 novissima
1130 1300 1254 1323 verum
1278 1288 1399 1322 habet.
1423 1307 1469 1312 -
1495 1287 1605 1330 Que,

203 1359 303 1390 terra
326 1352 406 1387 voci
429 1351 606 1394 additum,
629 1351 768 1386 Cottius
791 1349 866 1384 sine
889 1350 991 1384 codd.
1015 1350 1167 1391 delevit3
1201 1349 1410 1384 Gerlachius
1440 1347 1478 1382 in
1511 1350 1607 1382 textu

204 1414 372 1458 retinuit,
410 1413 448 1448 in
480 1413 691 1449 Commentt.
721 1424 757 1457 p.
791 1410 895 1453 242„
926 1411 1012 1455 quia
1043 1412 1089 1445 ab
1111 1411 1225 1446 Vatic.
1250 1409 1284 1446 5.
1307 1410 1429 1450 abest,
1453 1409 1606 1443 deletum

207 1476 306 1518 vult,
341 1474 403 1509 sed
436 1473 475 1508 in
507 1473 563 1508 ed.
598 1473 685 1506 min.
716 1483 783 1517 pro
814 1472 1046 1508 inconstantia
1068 1483 1133 1507 sua
1155 1484 1224 1506 non
1247 1470 1389 1509 delevit.
1435 1469 1608 1514 copulam

207 1537 331 1573 abesse
363 1546 485 1580 posse,
520 1532 551 1568 si
582 1533 684 1566 codd.
716 1532 899 1576 iuvarent,
929 1534 1081 1578 probant
1102 1535 1223 1567 notata
1244 1533 1290 1567 ad
1321 1532 1396 1565 Cat.
1421 1531 1493 1571 xl,
1515 1529 1549 1563 2.
1575 1533 1611 1564 et

207 1598 286 1635 Liv.
311 1597 444 1639 XLIV,
467 1595 536 1638 22,
561 1593 595 1628 8.
621 1599 703 1628 sunt
726 1595 787 1639 qui
806 1595 919 1629 sciant
942 1606 1013 1640 qua
1035 1599 1191 1635 terra,
1221 1592 1340 1628 man·
1374 1591 1610 1626 subvehantur

210 1663 447 1699 commotus,-
477 1656 537 1692 sed
570 1666 679 1699 quum
710 1660 850 1699 praeter
884 1667 1006 1690 omnes
1038 1654 1140 1689 codd.
1174 1654 1283 1689 etiam
1305 1654 1407 1688 Serv,
1442 1653 1488 1687 ad
1512 1653 1610 1698 Vin-g.

210 1720 296 1756 Aen.
324 1719 362 1762 Ι,
385 1718 445 1753 26.
469 1716 634 1751 voculam
657 1718 821 1758 tueatur,
853 1716 921 1750 ista
944 1716 1128 1761 negligere
1151 1714 1329 1749 temerarii
1354 1717 1418 1749 est.
1441 1714 1488 1748 cr.
1514 1713 1611 1750 Curt.

213 1782 282 1825 IV,
305 1779 351 1823 7,
383 1779 418 1815 6.
453 1784 551 1814 terra
576 1779 763 1824 coeloque
795 1788 967 1822 aquarum
997 1777 1145 1821 penuria
1168 1781 1232 1809 est.
1259 1775 1376 1810 Tacit.
1399 1775 1494 1810 nist.
1517 1776 1554 1817 1,
1576 1775 1612 1812 3.

213 1841 407 1879 Nobiscum
440 1840 529 1875 facit
559 1840 668 1875 etiam
698 1837 883 1882 Zumptius
915 1838 952 1872 in
982 1837 1122 1872 Annall.
1152 1837 1248 1870 critt.
1281 1836 1415 1871 Beroll.
1450 1847 1484 1871 a.
1509 1835 1611 1872 1828.

213 1903 258 1940 N.
283 1902 340 1939 47.
364 1915 400 1947 p.
424 1901 516 1943 3733
542 1901 700 1936 Curtium
724 1902 916 1944 sequuntur
938 1897 1111 1933 Weissius
1134 1900 1170 1930 et
1191 1897 1321 1930 Faber.

310 1966 344 2007 ἓ.
371 1966 406 2000 6.
434 1963 567 1997 salubri
591 1963 745 2007 corpore]
775 1961 942 2003 Salubre,
974 1963 1013 1994 ιιι
1036 1958 1265 1993 vernaculum
1295 1957 1453 2003 gewod,
1487 1957 1614 1992 transi-

217 2025 293 2061 tivo
315 2036 418 2058 sensu
442 2023 621 2069 significat
643 2022 699 2064 id,
725 2022 817 2067 quod
839 2021 1026 2056 sanitatem
1049 2019 1178 2063 affert,
1202 2018 1422 2053 intransitive
1445 2019 1480 2052 id
1494 2045 1506 2063 ,
1523 2019 1615 2063 quod

218 2086 408 2121 sanitatem
431 2086 540 2120 habet
562 2083 638 2118 sive
661 2095 786 2118 sanum
809 2086 880 2123 est,
899 2092 1116 2126 quamquam
1140 2082 1184 2115 ab
1208 2082 1278 2115 hoc
1300 2081 1475 2115 vocabulo
1496 2091 1616 2114 rursus

219 2147 273 2182 ita
295 2146 435 2188 differt,
471 2150 512 2179 ut
534 2157 659 2180 sanum
682 2144 798 2190 magis
821 2142 867 2176 sit
893 2143 1010 2175 morbo
1042 2154 1112 2175 uon
1145 2144 1333 2187 affectum,
1362 2142 1500 2176 salubre
1533 2153 1617 2176 vero

219 2211 345 2251 suapte
386 2211 518 2241 natura
558 2207 758 2248 robustum3
800 2204 892 2238 unde
926 2206 1026 2247 patet
1055 2204 1194 2237 salubre
1225 2203 1340 2238 maius
1372 2202 1551 2246 quoddam
1582 2207 1617 2237 et

221 2268 456 2314 praestantius
487 2279 580 2310 esse,
614 2278 721 2311 quam
756 2276 891 2300 sanum.
922 2275 957 2297 v.
989 2264 1193 2299 Doederlini
1216 2264 1413 2310 Synonym.
1439 2264 1516 2299 Lat.
1539 2264 1616 2300 Vol.

221 2331 250 2365 1.
276 2341 310 2374 p.
336 2329 391 2363 32.
415 2330 447 2371 ἓ.
472 2328 507 2364 9.
533 2332 567 2362 et
589 2327 647 2362 lo.
676 2328 736 2372 qui
759 2324 920 2360 laudavit
943 2325 1034 2359 Tac.
1057 2325 1192 2360 Histor.
1217 2325 1270 2366 V,
1294 2324 1329 2359 6.
1377 2325 1528 2367 Corpora
1555 2323 1617 2357 ho-

224 2391 357 2426 minum
394 2391 501 2424 salu
514 2390 620 2423 bria
652 2394 685 2423 et
712 2387 869 2433 ferentia
903 2387 1071 2420 laborum.
1102 2385 1149 2419 id.
1185 2385 1329 2431 Dialog.
1358 2397 1389 2418 c.
1422 2383 1489 2425 41,
1525 2386 1616 2419 med.

229 2455 379 2496 Gentes,
409 2463 499 2496 quae
520 2450 721 2491 firmissima
753 2448 957 2482 valetudine
993 2458 1035 2480 ac
1067 2445 1400 2481 saluberrimis
1425 2446 1620 2489 corporibus

225 2517 383 2549 utuntur.
404 2511 482 2545 Liv.
510 2511 539 2553 l,
563 2510 621 2550 31,
645 2509 795 2544 5.—D‹2
818 2510 916 2542 velox
939 2508 1037 2541 vocis
1060 2507 1206 2551 propria
1227 2509 1399 2550 potestate
1421 2516 1456 2539 V.
1481 2505 1619 2540 doctam

227 2571 429 2609 Doederlini
458 2573 684 2606 commentat.
717 2571 754 2603 in
783 2570 1015 2615 Synonymm.
1047 2569 1139 2601 Latt.
1175 2566 1222 2600 Τ.
1247 2567 1290 2601 11.
1313 2578 1348 2600 ιι.
1371 2566 1435 2608 49,
1458 2565 1492 2599 3.
1516 2565 1550 2599 4.
1574 2566 1621 2599 16

227 2639 264 2670 et
296 2635 353 2671 17.
382 2646 416 2678 p.
452 2630 522 2667 125
553 2643 629 2675 sqq.
674 2630 711 2664 Is
745 2641 960 2674 quamquam
990 2628 1149 2663 concedit
1182 2639 1247 2662 usu
1277 2638 1404 2671 parum
1428 2626 1622 2660 distinxisse

228 2695 372 2733 Latinos
394 2695 486 2729 inter
507 2693 605 2727 velox
629 2693 664 2726 et
686 2692 814 2735 celere,
835 2691 926 2725 inter
949 2690 1167 2724 velocitatem
1191 2692 1227 2722 et
1250 2689 1485 2729 celeritatem,
1519 2691 1622 2721 acute

230 2759 345 2791 tamen
370 2753 521 2790 ostendit
542 2754 658 2797 velox,
683 2761 706 2786 a
729 2752 842 2785 velum
869 2750 1041 2785 vofflbulo
1065 2748 1280 2791 derivatum,
1306 2747 1460 2783 maxime
1483 2747 1556 2782 dici
1579 2747 1622 2781 de

642 2925 653 2951 1
