1716 2996
224 184 311 228 47⁰
590 180 638 225 G.
667 179 991 225 SALLUSTI
1029 180 1256 230 CRISPI

107 306 126 329 ⁹
226 298 672 360 oppmtunissumus,
714 297 785 343 cui
818 313 967 358 neque
1002 314 1082 344 sua
1116 314 1244 359 cara,
1288 299 1463 362 quippe
1498 317 1617 362 quae

225 396 349 441 nulla
393 400 517 453 sunt,
561 400 606 440 et
645 393 796 440 omnia
840 411 943 441 cum
987 380 1137 458 pretio
1171 396 1364 443 honesta
1397 398 1615 447 videntur.

187 493 370 566 flgitur
412 491 585 538 Marius
625 508 729 539 cum
764 484 994 552 aliquanto
1030 495 1200 540 maiore
1235 511 1447 552 numero,
1470 512 1619 556 quam

229 574 463 635 decretum
503 596 638 651 erat,·
669 591 717 636 in
764 590 967 637 Africam
1009 591 1242 654 profectus
1276 594 1434 654 paucis
1463 572 1620 640 diebus

191 687 410 734 5Utica1n
446 687 703 735 advehitur.
745 689 1003 735 'Exercitus
1041 690 1083 735 ei
1116 690 1306 735 traditur
1339 707 1367 736 a
1399 692 1451 739 P.
1487 692 1645 761 Ruti-⁴

225 785 287 831 lio
323 786 503 848 legato,
539 801 646 832 nam
681 785 898 832 Metellus
942 793 1235 850 conspectum
1269 788 1392 853 Mari
1425 788 1621 852 fugerat,
1682 851 1687 858 Ι

224 953 307 993 τοῖς
338 950 462 996 ἀξίοις
493 950 707 998 νεμόντων,
739 949 916 999 ἐνέχυρον
938 949 1010 999 τὴν
1041 950 1176 990 οὐσίαν
1199 951 1359 991 ἑκάστου
1381 951 1530 991 τιθέναι
1553 955 1622 991 δο-

223 1025 395 1056 κουντος.
881 1051 883 1053 ,

319 1078 351 1119 S.
376 1074 412 1110 3.
459 1074 677 1120 celebratus]
706 1084 742 1111 v.
764 1074 813 1111 ad
835 1086 866 1110 c.
889 1074 1066 1118 LXXXV,
1089 1074 1149 1111 36.
1171 1093 1219 1102 —
1252 1076 1384 1113 Auem
1407 1087 1623 1122 quamquam

224 1135 323 1172 haud
357 1136 465 1171 dubie
498 1135 544 1171 ad
573 1136 776 1182 consulatus
805 1137 978 1170 honorem
1002 1139 1160 1181 spectat,
1190 1140 1311 1172 tamen
1333 1137 1453 1173 Fabro
1475 1149 1544 1173 nou
1566 1149 1624 1173 as-

225 1197 356 1233 sentiar
392 1208 571 1243 augere
605 1198 757 1243 aliquem
789 1208 928 1241 semper
953 1196 1003 1231 sic
1033 1197 1127 1239 dici,
1164 1202 1203 1233 ut
1235 1199 1362 1234 honore
1393 1200 1451 1234 vel
1484 1200 1624 1235 honori-

227 1258 310 1302 bus,
342 1257 435 1302 quod
477 1257 654 1292 interdum
687 1258 774 1293 huie
803 1245 915 1292 verbo
954 1257 1119 1301 additur,
1155 1259 1209 1303 (v.
1242 1260 1427 1294 Heindorf.
1458 1260 1504 1294 ad
1534 1261 1623 1296 Hor.

226 1318 306 1355 Sat.
328 1319 355 1362 l,
379 1319 415 1361 6,
440 1319 516 1364 11.)
540 1320 757 1364 suppleatur.
802 1317 954 1363 Propria
977 1318 1071 1352 enim
1101 1318 1138 1354 vi
1168 1331 1304 1366 augere
1334 1321 1427 1356 valet
1449 1322 1624 1367 potentio-

227 1381 492 1423 remsefflere,
521 1380 596 1415 sive
619 1381 664 1415 ad
688 1380 852 1415 altiorem
882 1379 1065 1426 dignitatis
1086 1382 1122 1414 et
1145 1381 1365 1417 auctoritatis
1387 1383 1539 1428 gradum
1562 1394 1624 1417 ex-

228 1443 366 1482 tollere.
392 1443 439 1478 cf.
465 1441 666 1477 Daehnium
690 1441 735 1476 ad
757 1441 843 1486 Nep.
868 1441 981 1476 Phoc.
1005 1452 1036 1476 e.
1061 1439 1108 1483 11,
1127 1439 1163 1478 3.
1210 1444 1384 1478 Aucta:
1415 1443 1624 1489 adiutusque

228 1517 254 1540 a
280 1505 509 1546 Demosthene
533 1514 633 1545 eum,
666 1513 766 1548 quem
789 1503 950 1544 tenebat,
981 1502 1189 1537 ascenderat
1216 1503 1392 1549 gradum
1424 1505 1515 1539 adde
1537 1505 1624 1540 Dra-

227 1566 420 1604 kenborch.
450 1565 494 1601 ad
528 1565 608 1600 Liv.
641 1565 760 1608 XXV,
784 1564 843 1606 16,
867 1564 926 1598 11.
958 1567 994 1598 et
1024 1563 1183 1598 Walehii
1216 1565 1387 1601 Emendd.
1422 1565 1500 1601 Liv.
1524 1577 1555 1601 c.
1577 1567 1624 1603 11.

193 1637 199 1643 ¹
228 1640 263 1674 p.
286 1627 334 1663 34
356 1639 411 1672 sq.
436 1625 654 1661 Boetticheri
687 1626 770 1662 Lex.
794 1624 915 1660 Tacit.
947 1625 985 1659 h.
1010 1635 1046 1659 v.
1072 1636 1108 1670 p.
1132 1624 1180 1660 73
1203 1637 1254 1671 sq.
1279 1644 1327 1652 -
1350 1627 1453 1672 Quae
1474 1638 1626 1672 oequuu-

228 1692 288 1725 tur
319 1694 354 1724 et
388 1688 521 1724 homini
543 1707 590 1713 -
623 1687 788 1722 videntur
817 1698 939 1722 omnes
971 1686 1177 1731 interpretes
1211 1673 1301 1732 apta⁴
1324 1699 1401 1723 esse
1427 1691 1551 1732 putant
1581 1700 1626 1724 ex

229 1751 321 1797 qnod
344 1750 540 1796 particula,
563 1751 604 1783 ut
627 1748 810 1784 ostendunt
833 1752 1008 1783 commate
1031 1751 1108 1793 post
1143 1752 1223 1783 erat
1253 1748 1387 1793 posito,
1417 1749 1626 1784 sententiam

228 1822 376 1853 eorum,
408 1810 470 1855 qui
503 1808 731 1845 ambitionem
754 1807 905 1847 consulis
928 1809 1193 1852 memorabant,
1220 1808 1416 1844 continuari
1437 1803 1626 1847 oensentes.

229 1872 302 1908 Sed
323 1872 436 1907 multo
457 1871 574 1917 aptior
596 1869 767 1905 sententia
789 1869 954 1915 prodibit,
976 1870 1007 1905 si
1032 1869 1159 1905 statuis
1180 1869 1387 1906 Saliustium
1410 1870 1526 1915 ipsum
1549 1882 1625 1906 me-

229 1938 389 1969 moratae
411 1932 658 1967 nonnullorum
682 1930 839 1975 opinioni
861 1942 965 1965 suum
987 1930 1160 1966 iudicium*
1180 1930 1333 1966 adiicere
1354 1931 1525 1976 illamque
1546 1943 1626 1967 sen-

229 1995 340 2031 tentia
363 1993 524 2041 generali
547 1993 768 2034 confirmare.
817 1992 937 2037 Quare
958 1995 1036 2037 post
1059 1997 1137 2028 erat
1160 1992 1328 2027 semicolo
1353 1992 1547 2028 orationem
1570 1991 1625 2027 di-

230 2056 439 2099 stinximus,
469 2067 540 2100 quo
573 2053 747 2095 efficitur,
779 2056 821 2087 ut
852 2057 887 2088 et
919 2064 1001 2087 cum
1034 2053 1294 2089 asseveratione
1323 2053 1429 2100 gravi
1452 2052 1625 2099 adiungat

229 2118 340 2153 verba
361 2115 564 2162 sequentia,
595 2114 699 2159 quasi
723 2113 855 2148 dietum
879 2113 925 2148 sit
948 2118 982 2148 et
1002 2115 1179 2159 profecto,
1203 2119 1239 2149 et
1261 2126 1356 2150 sane.
1382 2114 1428 2151 cf.
1452 2115 1625 2150 Goerenz.

230 2178 277 2214 ad
301 2179 374 2214 Cic.
399 2179 442 2213 de
465 2179 579 2223 Legg.
603 2176 658 2218 11,
692 2175 728 2218 3,
750 2175 789 2210 ⁷.
837 2173 1026 2209 Praeclare
1050 2175 1183 2221 exigis,
1217 2176 1368 2220 Quinte3
1391 2180 1436 2211 et
1468 2175 1532 2210 tibi
1562 2176 1626 2210 ho-

229 2250 308 2275 rum
336 2240 426 2273 nihil
448 2237 567 2273 deberi
588 2240 714 2281 potest.
737 2235 854 2271 Tacit.
879 2235 972 2273 Hist.
995 2236 1055 2279 IV,
1078 2235 1139 2280 78,
1163 2235 1212 2271 in.
1262 2238 1373 2272 Tutor
1395 2241 1430 2272 et
1454 2236 1627 2272 Classicus

232 2303 268 2335 et
302 2299 424 2334 Civilis
459 2309 622 2344 pugnam
655 2297 816 2341 ciebant,
862 2298 985 2332 Gallos
1005 2316 1048 2324 —
1068 2296 1302 2343 instigantem
1319 2302 1372 2333 et
1404 2301 1528 2332 cuncta
1560 2307 1625 2342 pro

232 2360 384 2396 hostibus
409 2365 521 2395 erant.
546 2358 728 2394 Kuehner.
751 2359 797 2394 ad
820 2357 983 2394 Tusculi.
1006 2356 1069 2400 m,
1091 2357 1127 2401 8,
1150 2357 1206 2394 18,
1235 2371 1270 2404 p.
1293 2357 1376 2394 210.
1415 2361 1451 2393 et
1487 2357 1548 2402 qui
1568 2357 1626 2391 lu-

232 2421 387 2456 culenter
410 2420 454 2453 de
476 2420 545 2454 hoc
567 2431 634 2454 usu
655 2418 840 2465 exposuit,
876 2418 980 2456 Fero.
1005 2419 1231 2455 Haudiussde
1260 2415 1411 2454 Partica.
1432 2418 1524 2454 Iaatt.
1547 2416 1627 2453 Vol.
1670 2440 1687 2446 ›

233 2481 280 2518 11.
303 2493 340 2526 p.
363 2479 444 2516 488.
469 2480 504 2514 2.
534 2501 581 2506 —
620 2480 756 2522 Curae,
788 2489 879 2525 quae
917 2479 1094 2525 scriptura
1129 2480 1230 2516 unice
1259 2489 1346 2514 vera
1377 2482 1451 2523 est,
1486 2482 1627 2514 tuentur

232 2541 335 2578 codd.
359 2539 482 2583 Rivii,
505 2540 611 2575 Mart,
637 2539 776 2576 Bodlei.
800 2540 945 2576 Balliol.
972 2542 1064 2587 Reg.
1087 2541 1197 2576 Laud.
1221 2539 1256 2576 2.
1289 2539 1409 2575 Leidd.
1445 2540 1489 2578 B.
1513 2540 1554 2575 C.
1578 2540 1623 2574 1).

235 2604 276 2638 Ε.
302 2603 346 2637 G.
369 2602 416 2636 Π.
440 2601 554 2638 Paris.
578 2612 610 2635 z.
635 2601 827 2636 Einsiedel.
860 2601 1002 2643 Goerl.;
1034 2601 1115 2636 inde
1144 2602 1201 2635 vel
1233 2613 1316 2637 casu
1338 2601 1399 2635 vel
1422 2600 1518 2636 mala
1543 2611 1627 2635 con·
1674 2640 1679 2646 s

234 2663 371 2699 iectura
388 2662 523 2697 factum
547 2672 643 2703 cura,
666 2664 706 2697 nt
727 2662 764 2696 in
786 2662 899 2697 Palat.
922 2661 957 2699 6.
979 2661 1124 2697 Eeeard.
1143 2661 1251 2697 Acad.
1273 2661 1442 2697 Commel.
1461 2664 1498 2696 et
1521 2662 1626 2697 Pem-

235 2725 385 2765 broeh.;
409 2723 445 2758 iu
478 2723 613 2758 duobus
635 2722 822 2768 postremis
854 2734 903 2757 m.
926 2734 995 2757 sec.
1018 2722 1263 2768 superscripsit
1286 2735 1390 2767 cara,
1421 2722 1515 2768 quod
1538 2722 1650 2757 reli--

235 2797 322 2822 euos
344 2795 465 2821 omnes
488 2788 605 2820 tenere
627 2795 696 2821 nou
722 2787 775 2820 ost
798 2783 950 2829 mirum,
982 2795 1092 2828 quum
1113 2783 1252 2820 scribae
1275 2784 1312 2819 in
1335 2795 1420 2820 cura
1443 2793 1529 2820 νοω
1551 2793 1626 2818 me-
