1702 2982
167 195 254 238 18⁰
479 223 486 226 -
543 188 590 234 C.
622 190 953 234 SALLUSTI
982 189 1199 235 CRISPI

133 311 160 351 7
169 311 314 352 totum
362 308 455 352 eius
507 323 702 369 regnum
751 307 900 358 animo
920 308 1035 352 'iam
1084 308 1319 353 invaserat.
1413 309 1572 368 Itaque

150 418 282 460 enon,
327 409 380 449 ut
417 410 572 463 antea,
621 419 724 450 cum
758 403 1046 465 praedatoria
1081 419 1244 462 manu,
1286 405 1370 450 sed
1399 418 1569 468 magno

170 502 369 547 exercitu
403 509 668 563 comparato
700 501 873 547 bellum
915 517 1079 563 gerere
1125 502 1280 563 coepit
1322 508 1369 547 et
1411 510 1572 564 aperte

132 599 300 650 gtotius
357 599 598 645 Numidiae
645 599 886 659 imperium
941 604 1113 660 petere.
1205 597 1421 646 Ceterum
1479 615 1570 660 qua

164 772 216 806 Eo
238 771 379 806 facilius
399 774 518 806 autem
539 771 608 806 ista
626 771 828 807 coniectura
850 782 970 807 carere
994 783 1201 817 possumus,
1234 784 1344 817 quum
1367 783 1476 817 neque
1505 783 1568 817 per

162 844 201 867 se
217 843 298 866 eam
315 832 389 866 vim
406 833 539 867 habeat
550 858 560 874 ‚
586 836 625 867 ut
644 844 870 880 praegressae
887 834 1124 869 enunciationi
1135 861 1146 879 ,
1172 846 1239 869 non
1256 833 1374 869 forma
1388 833 1447 867 sed
1465 844 1568 868 sensu

163 894 403 936 conceseivae,
428 893 684 928 consectariam
703 891 912 930 sententiam
931 895 1137 941 negativam
1163 895 1324 936 adiiciat,
1355 905 1448 938 quae
1475 893 1568 929 ratio

162 942 419 988 addita'tamen
439 954 614 998 particula
629 966 697 989 non
712 959 888 998 mutatur,
914 957 973 991 scd
990 956 1234 991 tantummodo
1250 955 1381 990 clarior
1398 955 1567 991 redditur.

163 1015 212 1049 cf.
243 1015 428 1049 Bremium
455 1015 500 1048 ad
537 1015 625 1058 Nep.
656 1016 790 1060 Agesil.
809 1028 840 1051 c.
861 1018 877 1051 1
890 1042 902 1059 ‚
926 1016 960 1053 4.
975 1017 1146 1051 Kuehner
1163 1017 1208 1052 ad
1227 1017 1300 1051 Cic.
1315 1017 1445 1051 Tusce.
1469 1017 1507 1059 Ι,
1529 1016 1566 1051 2.

163 1075 198 1110 4.
223 1087 258 1110 v.
282 1075 377 1110 infra
404 1088 435 1110 c.
462 1076 573 1118 LVII,
595 1075 631 1111 3.
655 1077 821 1112 ceterum
846 1077 951 1112 nihili
980 1082 1050 1120 est,
1084 1078 1181 1122 quod
1212 1077 1424 1112 Gerlachius
1447 1078 1567 1123 magio

164 1147 232 1170 non
248 1148 330 1171 cum
346 1137 592 1180 minuebatur,
615 1138 675 1172 sed
693 1150 774 1173 cum
803 1151 843 1174 eo
866 1139 1034 1185 coniungi
1059 1140 1160 1183 vult3
1183 1138 1288 1184 quasi
1317 1150 1387 1173 non
1417 1143 1566 1183 utraque

163 1208 230 1231 vox
255 1198 301 1232 ad
319 1199 469 1232 verbum
488 1198 686 1242 pertineat?
714 1201 845 1234 Eadem
864 1204 915 1235 est
932 1201 1025 1235 ratio
1047 1201 1207 1235 locorum
1235 1200 1280 1235 ab
1305 1200 1382 1245 ipso
1403 1200 1566 1235 laudato-

161 1269 267 1301 rum,
297 1259 386 1304 Nep.
413 1260 516 1294 Eum.
544 1260 614 1302 IV,
638 1259 674 1293 2.
705 1260 827 1304 Pelop.
856 1261 872 1294 1
888 1285 899 1303 ,
924 1261 959 1296 3.
994 1262 1099 1296 Paus.
1130 1262 1201 1304 ΙΙΙ,
1226 1260 1260 1296 5.
1284 1272 1376 1306 quae
1400 1261 1507 1295 simul
1519 1260 1566 1295 ad

160 1330 265 1353 usum
281 1330 392 1364 neque
411 1319 605 1362 particulae
626 1320 906 1355 confirmandum
926 1321 1051 1357 valent.
1071 1342 1115 1348 —
1131 1323 1185 1357 Ad
1208 1333 1348 1356 sensum
1373 1322 1565 1357 verborum

161 1390 313 1425 regnum
342 1380 461 1414 animo
486 1381 558 1414 iam
582 1381 763 1417 invaserat
786 1381 947 1417 Wassius
968 1382 1057 1417 bene
1073 1383 1294 1428 comparavit
1312 1382 1387 1417 Cic.
1407 1383 1444 1417 in
1462 1383 1563 1418 Verr-

160 1441 190 1483 1,
211 1441 271 1484 51,
294 1440 376 1476 135.
402 1442 484 1484 Iste,
509 1441 570 1486 qui
589 1442 662 1476 iam
683 1453 763 1488 spe
791 1448 834 1479 et
858 1444 1081 1489 opinione
1107 1444 1280 1489 praedam
1299 1445 1399 1478 illam
1421 1445 1563 1478 devo·-

159 1513 290 1536 rasse
302 1507 329 1537 t.
358 1502 410 1536 Id.
430 1503 519 1546 Epp.
538 1502 584 1536 ad
601 1502 706 1537 Attic.
731 1504 748 1538 1
761 1530 772 1548 ,
795 1503 864 1547 16,
889 1517 925 1549 p.
949 1505 1041 1542 med.
1065 1506 1125 1539 ille
1143 1510 1262 1539 autem
1275 1506 1373 1550 regie
1387 1505 1562 1539 heredita·

158 1567 230 1598 tem
263 1574 346 1608 spe
388 1563 726 1600 devoraverat.
766 1564 893 1600 cetera
921 1565 1083 1610 exempla
1111 1576 1134 1599 a
1161 1563 1279 1599 Cortio
1303 1572 1340 1601 et
1371 1565 1564 1601 Gen-lachin

158 1618 268 1659 allata
292 1624 397 1668 plane
422 1623 541 1658 aliena
570 1628 662 1661 sunt.
685 1644 733 1651 —-
751 1627 823 1661 Pro
842 1627 950 1662 totius
969 1626 1160 1661 Numidiae
1187 1625 1369 1670 imperium
1384 1624 1421 1659 in
1441 1624 1562 1659 Struv.

158 1689 194 1719 et
219 1685 336 1721 Guelf.
370 1684 406 1720 4.
437 1688 489 1719 est
517 1690 580 1719 tot.
610 1685 693 1730 imp.
722 1687 829 1722 Num.
846 1711 856 1730 ,
881 1688 973 1732 quod
1002 1698 1071 1722 non
1098 1687 1305 1728 reficerem,
1328 1685 1359 1720 si
1380 1686 1498 1729 plures
1517 1695 1562 1720 ac

158 1746 323 1780 meliores
339 1746 425 1780 libri
443 1747 711 1789 confirmarent3
735 1759 769 1782 v.
792 1749 837 1783 ad
855 1749 933 1783 Cat.
952 1749 996 1783 LI
1011 1773 1021 1791 ,
1054 1748 1114 1783 33.
1135 1769 1183 1775 —
1199 1748 1286 1783 Post
1310 1748 1404 1782 urbis
1425 1746 1563 1781 scribae

157 1805 195 1839 in
215 1806 339 1841 Leidd.
363 1807 407 1842 D.
432 1808 474 1842 Ε.
502 1807 660 1842 inserunt
686 1814 813 1854 atque,
836 1809 974 1844 scilicet
1002 1809 1194 1853 asyndeton
1222 1819 1291 1842 non
1315 1809 1487 1851 ferentes,
1518 1808 1562 1841 de

156 1877 228 1910 quo
258 1867 413 1902 diximus
437 1870 482 1903 ad
509 1870 587 1904 Cat.
618 1871 708 1912 XX,
731 1870 766 1904 2.
796 1872 832 1904 et
865 1870 911 1904 ad
939 1870 1071 1911 XLIII,
1090 1869 1124 1903 2.
1148 1867 1327 1912 Exemplis
1340 1867 1393 1902 ibi
1410 1867 1561 1903 laudatis

156 1927 231 1962 iam
250 1927 412 1963 addimus
427 1930 507 1965 eat.
532 1931 586 1973 X,
608 1930 642 1965 2.
667 1931 722 1965 his
738 1931 869 1973 otium,
899 1931 1047 1965 divitiae
1075 1930 1172 1963 oneri
1197 1929 1424 1973 miseriaeque
1443 1931 1558 1971 suere.

154 1989 235 2034 Ing.
271 1990 370 2032 XIV,
406 1990 463 2025 11.
497 2003 552 2027 me
576 1997 758 2037 ‚extorrem
788 1991 971 2036 patria,
1003 1991 1129 2025 domo
1162 1990 1286 2034 effecit.
1319 1989 1501 2030 LXXXV,
1522 1987 1556 2023 ⁷.

155 2050 210 2084 ita
221 2051 303 2094 fui,
332 2056 371 2085 ut
393 2064 511 2088 omnes
528 2054 730 2094 labores,
754 2052 975 2097 pericula
998 2056 1161 2086 consueta
1184 2051 1345 2085 habeam.
1360 2050 1448 2084 Tac.
1469 2050 1558 2086 Anu.

156 2111 228 2152 XI,
251 2111 320 2153 24,
344 2112 379 2146 2.
415 2120 455 2149 ut
487 2120 674 2157 terrae,
707 2117 878 2159 gentes
907 2113 945 2146 in
976 2124 1100 2146 nomen
1133 2117 1288 2147 vostrum
1316 2112 1557 2145 coalescerent.

154 2172 256 2214 xlv,
279 2171 324 2206 31
338 2197 350 2214 ‚
372 2173 408 2208 4.
437 2174 599 2207 veterani
615 2173 782 2218 (incolas)
796 2174 974 2218 pellebant
999 2174 1168 2214 domibus,
1186 2173 1420 2207 exturbabant
1443 2172 1555 2218 agria,

155 2234 393 2278 captivos,
418 2245 578 2269 servos
601 2235 822 2279 appellando.
868 2235 1025 2270 Praedas
1048 2234 1195 2280 pluralis
1219 2245 1242 2268 a
1264 2236 1383 2268 nostro
1403 2244 1470 2267 usu
1493 2232 1557 2267 ab-

154 2294 296 2338 horret,
330 2306 400 2329 non
433 2294 520 2328 item
552 2305 575 2329 a
598 2294 738 2331 Latino.
763 2297 812 2331 cf.
835 2297 914 2342 lug.
939 2296 1096 2339 XXXII,
1122 2296 1157 2330 4.
1183 2295 1283 2338 xm,
1305 2294 1342 2329 7.
1366 2293 1495 2335 XLIV,
1517 2291 1554 2328 5.

154 2354 388 2397 LXXXVIII,
420 2354 454 2390 8.
487 2354 564 2389 Liv.
599 2356 733 2397 XXIV,
764 2357 832 2402 2⁰,
869 2357 903 2391 4.
936 2357 1024 2402 Nep.
1056 2358 1189 2392 Chabr.
1218 2367 1250 2390 c.
1283 2356 1336 2398 ΙΙ,
1362 2354 1402 2390 3.
1422 2355 1555 2389 Causea

154 2415 305 2460 pluralis
329 2415 468 2450 numeri
491 2416 626 2460 patebit
650 2429 692 2451 ex
716 2417 821 2453 dictis
843 2418 888 2452 ad
912 2418 990 2453 Cat.
1016 2419 1093 2460 XV,
1115 2417 1151 2452 4.
1174 2430 1209 2462 p.
1231 2417 1292 2451 77.
1316 2436 1363 2442 —
1386 2417 1555 2450 Hostibus

154 2480 332 2518 terrorem,
357 2488 460 2520 quem
485 2477 643 2512 ordinem
668 2490 789 2514 omues
813 2478 896 2514 libri
926 2482 1118 2524 praestant,
1148 2477 1300 2520 Cottius,
1322 2477 1428 2511 fidem
1451 2476 1555 2510 unius

154 2536 262 2572 Acad.
285 2541 440 2580 secutus,
464 2537 628 2582 invertit,
660 2540 795 2575 scilicet
826 2543 867 2575 ut
901 2540 1142 2574 membrorum
1172 2538 1348 2573 chiasmns
1379 2536 1552 2581 existeret,

155 2597 200 2631 de
223 2609 293 2641 quo
317 2599 506 2632 verborum
531 2599 653 2634 ordine
673 2612 708 2635 v.
732 2605 855 2636 notata
878 2601 923 2635 ad
942 2601 1018 2635 Cat.
1042 2600 1146 2642 LXI,
1178 2598 1212 2634 9.
1245 2598 1331 2634 Sine
1360 2599 1552 2634 multorum

155 2662 191 2691 et
214 2659 389 2695 bonorum
411 2659 514 2694 codd.
538 2660 714 2704 praesidio
733 2671 755 2695 a
778 2662 926 2706 vulgata
949 2671 1017 2694 non
1040 2661 1281 2695 recedendum.

248 2719 343 2754 XXI.
391 2722 424 2763 §-
448 2721 483 2758 1.
507 2724 543 2755 et
578 2721 613 2755 2.
663 2722 853 2768 intellegit]
880 2721 1046 2773 PleriquIe
1068 2722 1166 2756 codd.
1201 2721 1333 2756 habent
1363 2720 1551 2766 intelligit,-

155 2779 216 2814 aed
239 2779 492 2818 Sallustianam
513 2782 666 2816 formam
686 2786 870 2818 servarunt
893 2783 976 2818 Bas.
1012 2783 1046 2818 1.
1070 2783 1176 2817 Fabr.
1202 2782 1236 2817 1.
1259 2781 1340 2816 sen.
1363 2781 1398 2816 1.
1425 2780 1548 2815 Guelf.
