1716 2996
172 197 260 238 348
550 193 597 236 G.
627 191 943 236 SALLUSTI
974 192 1194 238 GRISPI

174 309 416 372 magnifice
451 309 510 354 de
545 310 666 354 bello
700 311 850 370 loqui:
885 311 1069 356 dimidia
1095 326 1202 372 pars
1234 314 1448 360 exercitus
1476 315 1562 360 sibi

174 407 534 470 permitteretur,
578 408 732 467 paucis
788 407 948 454 diebus
997 409 1267 470 Iugurtham
1309 411 1354 454 in
1399 412 1561 457 catenis

173 540 416 588 grassari,
448 551 536 584 quos
566 540 661 575 locos
691 552 771 582 cum
804 541 940 585 aliquot
967 541 1048 577 aliis
1084 543 1230 579 contulit
1261 543 1507 580 Boettichems
1528 545 1565 579 iu

173 603 259 639 Lex.
286 600 404 637 Tacit.
428 601 466 635 h.
491 612 527 634 v.
550 613 584 645 p.
607 600 688 636 225.
735 603 790 636 Ita
812 602 918 636 facile
939 606 1055 646 patet,
1089 615 1153 638 cur
1173 606 1335 651 grassari
1355 606 1393 640 in
1415 606 1565 650 aliquem

173 664 351 700 notionem
373 661 589 696 crudelitatis
612 666 648 696 et
669 661 859 697 violentiae
890 663 1040 705 habeat3
1070 665 1189 700 lustin.
1217 666 1262 707 11,
1287 666 1342 701 12.
1395 667 1587 710 Quoniam-

168 730 269 771 ferro
291 725 337 758 in
374 722 586 757 homines
607 734 677 756 nou
695 728 859 768 poterat,
891 724 939 759 in
963 721 1192 769 aedificia
1222 727 1333 771 igne
1365 731 1565 772 grassatur.

174 789 220 824 ni.
245 784 506 820 Drakenborch
530 784 575 818 ad
598 784 677 818 Liv.
700 785 759 826 vl,
782 784 818 828 5,
834 785 869 821 4.
918 785 1052 820 Totum
1075 786 1193 820 locum
1216 790 1375 821 nostrum
1395 787 1567 822 Weissius

174 858 360 895 perperam
392 845 443 880 sic
466 844 642 888 explicat:
676 845 751 888 „ita
783 848 878 881 ultra
909 846 1200 892 progrediebatur
1231 847 1275 881 ad
1310 847 1566 891 exsequendum

174 909 382 948 consilium,
404 911 503 941 actus
526 905 628 940 simul
650 906 812 950 cupidine
835 910 940 951 atque
961 907 1061 941 ira.“
1107 908 1315 943 Sallustium
1336 912 1453 943 autem
1476 909 1568 943 hane

173 969 381 1007 seutentiam
405 979 446 1001 ex
470 966 682 1012 Thucydide
704 967 765 1011 111,
788 967 846 1002 12.
870 968 932 1003 ubi
953 968 1045 1003 haec
1066 968 1250 1013 leguntur,
1275 968 1346 1005 δύο
1369 967 1438 1013 μὲν
1459 967 1568 1005 ἐναν-

174 1030 337 1069 τιώτατα
359 1029 406 1075 τῇ
433 1025 633 1074 εὐβουλίᾳ,
658 1027 771 1074 τάχος
792 1043 831 1066 τε
854 1030 919 1066 καὶ
943 1028 1058 1076 ὀργή,
1089 1029 1271 1072 hausisse,
1296 1033 1334 1064 ut
1354 1030 1478 1075 intprr.
1502 1041 1567 1074 pu-

173 1099 269 1135 tant,
291 1090 453 1136 equidem
477 1100 546 1123 nou
568 1089 846 1134 affirmaverim,
880 1103 989 1136 quum
1012 1102 1124 1136 neque
1145 1091 1254 1126 verba
1277 1092 1441 1125 accurate
1460 1100 1564 1135 grae·

174 1156 225 1190 cis
247 1151 499 1198 respondeant,
535 1153 570 1184 et
604 1150 719 1193 quivis
750 1153 859 1187 facile
890 1153 926 1187 in
950 1153 1060 1188 talem
1089 1151 1298 1187 sententiam
1318 1151 1394 1196 ipse
1414 1150 1568 1186 incidere

173 1215 298 1262 possit.
322 1231 369 1238 --
406 1211 635 1246 Ambitiosum
659 1211 798 1247 Cottius
824 1214 914 1247 bene
943 1213 1208 1258 interpretatur:
1240 1213 1285 1247 ad
1316 1213 1478 1247 favorem
1507 1222 1567 1246 ae-

171 1275 383 1322 quirendum
416 1275 681 1314 comparatum,
712 1284 781 1316 qua
812 1276 984 1317 potestate
1017 1275 1085 1308 hoc
1114 1274 1325 1309 vocabulum
1355 1273 1495 1317 saepius
1525 1272 1569 1307 de

172 1339 276 1373 rebus
299 1335 440 1369 dicitur.
473 1333 513 1368 V.
537 1333 759 1367 Boetticheri
783 1334 868 1368 Lex.
899 1333 1016 1369 Tacit.
1046 1334 1085 1367 h.
1115 1344 1148 1367 v,
1186 1345 1219 1377 p.
1245 1331 1303 1369 58.
1336 1333 1451 1368 Tacit.
1473 1332 1567 1368 nist.

173 1401 202 1443 1,
227 1399 286 1433 12.
335 1397 444 1431 Pront
466 1394 544 1438 quis
570 1395 703 1428 amicus
735 1396 792 1429 vel
822 1396 928 1430 cliens
959 1396 1051 1429 hune
1082 1395 1139 1428 oel
1169 1394 1268 1428 illam
1300 1394 1568 1429 ambitiosis

173 1457 438 1495 rumoribus
462 1454 696 1489 destinabant.
719 1455 758 1497 Ι,
783 1454 839 1490 83.
889 1456 1124 1490 &ditionibus
1156 1459 1191 1490 et
1221 1455 1470 1489 ambitioso
1491 1455 1566 1488 im-

172 1520 308 1566 perio
341 1516 453 1552 laeti.»
470 1514 616 1550 Sueton.
650 1516 798 1561 August.
828 1528 859 1551 c.
883 1517 994 1552 XXV.
1042 1517 1164 1562 Neque
1193 1517 1282 1550 allos
1303 1516 1453 1551 militam
1476 1527 1566 1550 oom-

174 1582 345 1616 militones
386 1577 615 1623 appellabat,
657 1578 718 1611 sed
747 1578 896 1619 milites,
939 1576 1237 1611 ambitiosius
1275 1576 1314 1610 id
1354 1576 1568 1619 existimans,

173 1654 279 1688 qaam
301 1639 395 1675 ratio
419 1638 583 1672 militaris
606 1639 811 1682 postularet.
834 1638 886 1673 ld.
909 1637 1042 1672 Domit.
1065 1636 1163 1678 Vlll,
1186 1636 1236 1670 in.
1283 1637 1317 1670 A
1325 1637 1453 1671 mbiti
1460 1647 1568 1671 osas

174 1702 463 1738 centumvir-orum
495 1700 687 1734 sententias
717 1698 883 1741 rescidit,
915 1698 978 1732 ubi
1008 1709 1044 1733 v.
1079 1699 1218 1732 Ernest.
1242 1700 1279 1733 et
1305 1697 1498 1732 Bremium.
1521 1717 1567 1724 —

175 1765 341 1805 Habere,
365 1760 459 1804 quod
483 1760 520 1794 h.
546 1761 572 1794 l.
597 1758 690 1799 idem
715 1764 767 1794 est
789 1763 895 1803 atque
919 1764 1077 1794 tractare
1093 1785 1105 1802 ‚
1129 1759 1269 1804 quando
1291 1759 1383 1794 hanc
1405 1759 1479 1794 vim
1501 1759 1567 1794 ha-

174 1828 256 1861 beat
280 1823 432 1858 diximus
455 1820 498 1854 ad
523 1820 599 1854 Cat.
624 1820 688 1863 XI,
711 1819 746 1854 5.
773 1833 806 1864 p.
829 1819 889 1854 50.
914 1840 958 1845 ——
985 1822 1039 1854 De
1061 1820 1338 1866 negotiatoribus
1360 1830 1394 1853 ν.
1421 1820 1467 1854 ad
1490 1820 1566 1855 Cat.

173 1900 205 1923 c.
227 1886 302 1928 XL,
326 1885 359 1918 2.
407 1882 503 1917 Idem
527 1881 602 1915 fere
623 1881 778 1917 Velleius
799 1881 907 1916 tradit
940 1881 994 1925 11,
1019 1880 1077 1915 11.
1124 1881 1262 1914 Marias
1281 1891 1346 1925 per
1366 1881 1567 1925 publicanos

173 1948 328 1992 aliosque
360 1944 398 1978 in
430 1943 552 1987 Africa
583 1944 897 1988 negotiantes
932 1942 1137 1976 criminatus
1164 1941 1299 1975 Metelli
1327 1941 1566 1977 lentitudinem

173 2013 241 2043 ete.
290 2005 361 2050 Qui
395 2004 466 2039 loci
498 2003 685 2039 ostendunt
718 2006 887 2048 quantum
921 2003 1155 2049 negotiatores
1182 2001 1320 2047 gratia,
1358 2002 1568 2037 auctoritate

173 2074 278 2114 atque
301 2065 456 2112 potentia
479 2064 666 2100 valuerint.
691 2083 738 2091 —
762 2065 971 2106 criminose,
1001 2075 1049 2097 se.
1072 2061 1109 2097 iu
1135 2062 1343 2106 Metellum,
1365 2064 1567 2110 magnifiee,

175 2131 221 2165 ad
244 2141 282 2164 se
302 2126 511 2172 respiciens,
535 2126 610 2160 fere
633 2128 673 2160 ut
694 2137 725 2162 c.
749 2126 936 2167 LXXXIV,
962 2126 994 2159 1.
1017 2124 1093 2159 alia
1114 2129 1301 2169 praeterea
1325 2124 1391 2168 (se.
1414 2123 1566 2167 dicebat)

175 2190 368 2236 magnifica
389 2198 454 2232 pro
486 2198 543 2231 se,
574 2193 611 2222 et
645 2187 716 2222 illis
747 2188 913 2222 dolentia.
937 2205 982 2212 -
1015 2186 1086 2220 Pro
1109 2185 1204 2230 loqui
1225 2196 1294 2220 uon
1315 2187 1409 2219 recte
1430 2175 1568 2233 poterat

176 2261 345 2294 usurpare
369 2250 483 2283 dicere
506 2248 680 2290 verbum;
714 2259 796 2283 nam
826 2247 877 2283 ita
908 2248 998 2282 haec
1020 2246 1210 2288 differunt,
1244 2250 1285 2282 ut
1307 2245 1400 2290 loqui
1429 2244 1466 2279 in
1488 2245 1568 2280 uui-

176 2322 317 2346 versum
343 2310 389 2344 sit
418 2310 531 2344 verbis
552 2310 607 2345 ati
621 2333 632 2352 ,
670 2309 716 2344 ad
738 2309 850 2344 animi
881 2319 983 2343 seusa
1004 2307 1254 2353 significanda,
1282 2307 1396 2341 dicere
1420 2317 1502 2341 vero
1523 2306 1568 2341 de

179 2372 338 2408 oratione
371 2376 448 2405 arte
475 2373 580 2414 sacta
612 2382 655 2406 ae
687 2375 782 2406 recte
812 2371 981 2405 meditata
1011 2371 1217 2412 usurpetar3
1252 2368 1298 2403 oi.
1331 2362 1485 2412 Herzog.
1520 2367 1564 2401 ad

179 2434 266 2469 Sall.
289 2431 395 2466 Catil.
413 2432 484 2475 111,
507 2432 542 2467 l.
565 2444 600 2476 p.
628 2432 685 2466 14.
734 2432 853 2476 Quare
884 2430 973 2465 illud
1003 2430 1120 2464 minus
1144 2429 1228 2473 quid
1253 2431 1323 2471 est,
1355 2438 1462 2471 quam
1484 2428 1567 2470 hoc,

180 2498 216 2530 et
236 2492 390 2529 maxime
420 2492 458 2526 in
480 2504 583 2527 usum
606 2491 771 2528 cotidiani
793 2491 963 2527 sermonis
986 2490 1100 2533 eadit;
1134 2501 1171 2524 V.
1203 2489 1339 2524 Ludov.
1366 2488 1567 2523 Doederlini

180 2556 378 2602 Synonym.
399 2554 478 2588 Lat.
503 2554 578 2588 Vol.
603 2555 662 2589 lv.
685 2565 719 2598 p.
743 2553 777 2588 6.
801 2555 834 2595 §.
859 2552 893 2586 7.
939 2552 1024 2586 lude
1045 2551 1180 2585 factum
1201 2553 1266 2592 est,
1289 2553 1328 2584 ut
1349 2550 1442 2594 loqui
1463 2561 1566 2594 saepe

181 2621 332 2663 ponatur
362 2615 408 2650 ad
442 2614 712 2660 significandum
739 2612 844 2648 nihili
881 2615 986 2656 atque
1016 2610 1136 2646 inania
1166 2621 1241 2645 esse
1274 2610 1424 2645 alicuius
1447 2612 1566 2655 verba,

184 2689 334 2722 eumque
356 2676 464 2712 talem
487 2687 582 2717 esse,
617 2676 679 2719 qui
709 2674 904 2709 inconsulto
933 2676 994 2707 aut
1024 2672 1180 2716 maligue
1209 2671 1336 2716 ineptis
1369 2672 1570 2708 hominibus

185 2738 365 2784 garriendi
395 2737 579 2772 maten‘am
609 2739 798 2782 suggerat3
833 2735 879 2769 cf.
900 2733 1108 2768 ,Doederlim
1135 2733 1161 2768 l.
1196 2733 1220 2766 l.
1245 2736 1281 2768 et
1310 2733 1491 2768 Bromium
1524 2735 1569 2768 ad

187 2799 275 2845 Nep.
299 2798 472 2835 Alcibiad.
496 2797 571 2841 vll,
593 2796 629 2833 2.
648 2795 806 2832 Hamilc.
829 2795 900 2840 111,
922 2794 957 2842 2,
1010 2794 1267 2830 Hasdrubalem
1286 2795 1444 2838 nonnulli
1461 2794 1569 2840 diligi
