1716 2996
266 119 322 161 16
866 115 1044 160 INDEX

263 234 340 267 Ara
362 228 387 265 i.
410 238 443 274 q.
466 230 732 264 monumentum
753 231 979 272 exstructum,
1002 230 1031 264 1.
1053 229 1114 274 79,
1137 228 1197 268 10.

263 290 359 324 Arae
380 298 461 321 cum
484 285 575 322 focis
599 285 805 322 coniunctae
827 285 911 330 quid
933 286 1143 332 significent,
1166 288 1208 323 C.
1228 286 1288 333 52,
1310 288 1348 326 8.

263 347 464 384 Arbisatue
485 344 689 390 germanico
718 343 912 379 Vollmacht
936 345 1133 389 respondet,
1153 346 1182 381 1.
1205 346 1289 391 105,
1310 347 1346 382 1.

263 407 443 442 Arcessere
464 406 499 437 et
523 412 708 444 accersere,
731 401 770 436 G.
792 399 853 445 40,
878 400 912 435 6.
959 401 987 438 1.
1010 401 1070 445 39,
1093 403 1129 440 2.

262 464 443 498 Arcessere
465 459 528 494 ubi
549 471 620 494 non
641 458 928 494 commutandum
952 470 1034 493 cum
1057 472 1244 504 accersere,
1263 461 1293 498 1.
1318 460 1378 506 32,
1396 462 1429 497 l.

261 523 443 558 Arcessere
464 517 592 563 capitis
614 515 848 562 hyperbolice
867 516 1020 560 dicitur,
1039 518 1068 556 1.
1092 517 1152 562 73,
1173 516 1211 555 5.

261 579 419 614 Arduum
442 575 582 620 explic„
605 574 645 608 C.
673 573 709 617 3,
729 573 767 609 2.

261 637 459 682 Argentum
481 644 563 668 aere
584 633 717 667 solvere
741 631 826 676 quid
847 630 905 676 eit,
928 631 968 667 G.
990 631 1050 676 33,
1072 632 1106 668 2.

260 694 392 731 Arietis
413 703 497 727 usus
517 691 555 725 in
578 689 822 735 oppugnandis
843 690 1003 736 urbibus,
1018 691 1048 726 1.
1069 690 1130 735 76,
1151 690 1189 729 6.

259 753 372 788 Arma
391 750 417 786 i.
433 761 467 794 q.
489 749 636 792 benum,
658 749 699 784 C.
720 748 780 790 24,
803 747 837 783 1.

259 808 375 846 Armis
396 802 610 852 expugnare,
633 806 662 841 1.
681 805 741 848 23,
764 805 799 840 1.

260 869 411 904 Armare
433 876 557 899 manus
579 863 605 899 i.
628 875 663 909 q.
686 875 788 900 arma
805 862 968 900 manibus
990 866 1119 907 tenere,
1139 863 1170 899 1.
1195 863 1278 907 107,
1300 864 1335 900 1.

261 926 411 961 Amare
435 923 554 968 copias
575 921 724 968 gravius
746 932 854 966 quam
876 933 1018 968 parare,
1038 923 1067 959 I.
1092 922 1149 967 13,
1172 923 1210 959 2.

260 985 455 1019 Armatura
478 980 564 1015 levis
589 978 702 1023 qualis
722 979 842 1023 fuerit,
865 980 893 1014 1.
917 979 998 1022 105,
1020 980 1055 1015 2.

259 1040 403 1078 Armeni
424 1037 655 1082 improbanda
677 1038 794 1072 forma
808 1049 872 1082 pro
888 1031 1062 1082 Armenii,
1084 1039 1113 1076 1.
1137 1038 1196 1082 18,
1217 1037 1253 1075 4.

260 1099 443 1135 Arretinus
466 1106 552 1141 ager
574 1107 656 1130 cum
680 1096 831 1132 Reatino
855 1097 1033 1139 confusus,
1056 1097 1096 1132 G.
1109 1096 1170 1140 36,
1193 1097 1228 1134 1.

260 1156 431 1202 Arrigere
453 1153 630 1187 diversum
653 1154 700 1188 ab
726 1154 887 1200 erigere,
917 1155 957 1189 C.
992 1154 1051 1198 39,
1074 1155 1109 1192 3.
1154 1156 1182 1190 1.
1206 1154 1265 1198 23,
1286 1154 1321 1190 1.
1367 1154 1427 1199 68,
1450 1154 1486 1190 3.
1532 1154 1593 1199 86,
1615 1155 1649 1192 1.

259 1215 366 1250 Artes
385 1210 595 1257 praegnanti
614 1221 717 1245 sensu
738 1211 763 1245 i.
783 1223 816 1255 q.
840 1223 898 1246 res
920 1213 1102 1256 honestae,
1122 1212 1151 1248 Ι.
1175 1212 1233 1256 82,
1255 1212 1289 1248 2.

261 1274 361 1315 Arte,
385 1274 483 1305 artus
504 1279 569 1313 pro
593 1273 701 1311 arcte,
725 1275 857 1310 arctus,
883 1269 911 1303 1.
933 1268 991 1314 52,
1014 1270 1050 1305 6.

261 1331 395 1365 Arvum
419 1337 508 1372 ager
531 1326 592 1370 qui
615 1330 750 1371 aratur,
772 1326 801 1360 Ι.
825 1326 884 1371 90,
912 1326 946 1360 1.

261 1390 335 1424 Arx
357 1396 426 1431 quo
449 1394 553 1419 sensu
569 1384 613 1418 de
633 1384 722 1418 urbe
744 1383 891 1427 dictum,
911 1385 939 1420 1.
960 1383 1019 1428 56,
1044 1385 1082 1420 1.

263 1445 457 1483 Ascendere
478 1444 515 1476 et
538 1442 719 1476 escendere
741 1442 899 1487 confusa,
923 1442 962 1476 C.
978 1441 1036 1484 55,
1060 1442 1096 1478 3.
1141 1443 1170 1479 1.
1195 1441 1256 1488 93,
1276 1441 1312 1479 5.
1357 1443 1419 1488 97,
1440 1442 1476 1479 5.

262 1504 450 1545 Asciscere,
474 1511 543 1534 non
567 1500 770 1542 adsciscere,
793 1500 832 1534 C.
851 1499 912 1542 24,
933 1499 969 1537 3.
1014 1500 1077 1545 47,
1095 1500 1133 1536 l.

261 1563 349 1599 Asia
370 1558 533 1595 luxuriae
554 1558 738 1592 Romanae
759 1562 883 1601 mater,
905 1559 944 1595 C.
970 1559 1028 1603 11,
1045 1557 1080 1594 5.

255 1618 438 1664 Ἀσμενος
460 1628 529 1651 uon
550 1616 728 1662 siguificat
748 1613 856 1661 ἡδύς,
878 1617 907 1652 1.
924 1616 984 1660 84,
1007 1617 1043 1652 3.

262 1678 446 1724 Asperitas
468 1686 538 1719 quo
561 1674 703 1709 differat
725 1685 748 1709 a
772 1676 1043 1720 difficultate,1.
1068 1675 1126 1720 92,
1149 1672 1186 1710 4.

263 1736 446 1783 Asperitas
473 1737 508 1768 et
531 1744 635 1779 asper
655 1744 759 1767 voces
782 1733 952 1768 Sallustio
972 1738 1126 1777 amatae,
1147 1735 1175 1770 1.
1197 1733 1315 1778 29,1
1360 1720 1420 1780 87,
1441 1734 1477 1770 4.

261 1797 431 1841 Asperum
453 1791 631 1826 diversum
654 1791 699 1826 ab
721 1792 869 1834 acerbo,
891 1792 919 1826 1.
943 1790 1002 1835 41,
1026 1791 1061 1828 4.

260 1852 409 1898 Assequi
429 1849 564 1895 aliquid
587 1851 623 1883 et
640 1849 735 1894 sequi
757 1850 892 1895 aliquid
912 1861 983 1894 quo
1005 1850 1156 1894 differat,
1180 1850 1219 1886 C.
1242 1847 1301 1894 54,
1323 1849 1360 1885 6.

262 1913 360 1949 Assis
381 1913 416 1944 et
438 1906 590 1943 sestertii
610 1906 719 1941 variis
740 1908 958 1952 temporibus
979 1909 1082 1945 varia
1098 1909 1201 1952 ratio,
1223 1910 1264 1945 G.
1285 1909 1345 1953 33,
1368 1907 1403 1944 2.

260 1971 399 2007 Assolet
418 1966 579 2002 absolute
599 1963 743 2007 dictum,
768 1966 808 2000 C.
831 1967 890 2010 29,
911 1968 947 2002 2.

263 2029 431 2063 Λεειιειιιε
453 2035 534 2059 cum
554 2023 712 2058 ablativo
735 2024 972 2069 coniunctum,
994 2026 1033 2062 C.
1058 2026 1092 2069 2,
1106 2025 1142 2061 9.

261 2088 436 2124 Astrictus
460 2085 580 2130 aliqua
601 2093 641 2117 rc
663 2082 800 2126 explic„
823 2083 853 2119 I.
874 2083 933 2128 60,
954 2084 990 2120 6.
1037 2084 1096 2128 70,
1117 2084 1152 2120 2.

200 2165 205 2169 ’
263 2146 474 2192 Asyndeton,
496 2152 530 2177 v.
556 2141 665 2176 etiam
690 2142 835 2186 Copula.

261 2204 463 2249 Asyndeton
485 2200 570 2244 quid
593 2199 650 2243 sit,
673 2199 704 2234 1.
727 2198 785 2242 14,
808 2199 843 2234 7.

261 2262 462 2307 Asyndeton
484 2259 521 2294 in
544 2257 801 2292 contrariorum
821 2256 1087 2302 consociatione,
1112 2258 1151 2294 C.
1175 2257 1232 2302 11,
1254 2258 1291 2294 2.
1337 2257 1367 2297 Ῑ.
1389 2258 1447 2304 60,
1470 2260 1507 2297 4.

262 2320 462 2363 Asyndeton
483 2328 555 2352 non
576 2320 708 2352 temere
730 2317 865 2352 auctori
887 2317 1152 2361 obtrudendum,
1175 2315 1276 2361 1.51,
1294 2319 1328 2354 1.

262 2373 472 2416 Ἀσύνδετος
494 2376 607 2410 oratio
629 2375 779 2410 caussali
799 2374 974 2420 particula
996 2374 1136 2418 omissa,
1158 2375 1198 2410 C.
1221 2373 1280 2418 39,
1295 2375 1330 2410 4.
1375 2372 1434 2420 51,
1456 2376 1490 2412 4.

263 2438 314 2471 At
335 2434 359 2468 i.
385 2446 418 2479 q.
439 2446 481 2467 ex
497 2435 608 2469 altera
630 2436 741 2478 parte,
765 2434 793 2468 Ι.
815 2432 875 2476 20,
896 2433 930 2467 2.

265 2494 315 2528 At
338 2490 377 2526 vi
399 2491 625 2535 oppositionis
647 2492 831 2527 transitum
853 2495 958 2537 parat
977 2491 1023 2526 ad
1045 2502 1120 2526 rem
1145 2502 1286 2538 novam,
1311 2492 1339 2528 1.
1361 2491 1419 2535 63,
1439 2491 1474 2526 2.

265 2554 315 2587 At
341 2555 474 2592 contra,
496 2550 524 2584 1.
547 2548 581 2592 4,
606 2548 640 2584 7.
687 2547 744 2593 15,
767 2549 802 2586 2.

266 2611 316 2644 At
338 2609 428 2643 enirn
450 2619 531 2645 cum
554 2607 669 2651 ellipsi
692 2608 836 2648 dictum,
860 2607 900 2642 C.
921 2606 980 2648 51,
1001 2605 1059 2641 25.

266 2667 381 2711 Atque
403 2664 569 2711 graviora
591 2665 754 2707 annectit,
778 2666 817 2703 C.
840 2663 899 2709 51,
923 2665 981 2700 10.
1025 2664 1085 2708 52,
1107 2663 1165 2700 26.
1211 2661 1270 2709 53,
1293 2662 1328 2701 1.
1371 2665 1401 2701 Ι.
1425 2663 1459 2710 4,
1482 2664 1525 2701 3.·
1540 2662 1644 2709 98,2.

265 2726 380 2769 Atque
401 2716 547 2759 iascivit
567 2721 775 2766 transitioni,
795 2722 824 2760 1.
846 2722 904 2766 14,
928 2722 962 2758 3.
