1702 2982
196 187 254 226 20
568 182 979 226 c.SALLUST1
1011 182 1234 227 CRISPI

197 300 435 360 republica
483 305 675 344 aetatem
722 315 884 361 agere,
930 307 1054 344 tanto
1099 305 1283 359 tamque
1326 292 1420 344 utili
1454 298 1599 343 labori

197 413 302 442 meo
337 413 500 442 nomen
537 399 720 442 inertiae
756 399 1011 458 imponant,
1049 404 1170 442 certe
1196 398 1357 457 quibus
1393 411 1601 441 maxuma

196 495 414 539 industria
442 495 619 539 videtur
650 497 842 540 salutare
870 496 1054 556 plebem
1092 502 1137 540 et
1168 496 1378 541 conviviis
1409 494 1600 556 gratiam

200 651 253 684 bis
283 651 367 697 ipsis
400 651 480 685 elici
512 655 637 696 potest.
684 653 763 686 Hoc
797 651 891 685 enim
924 652 1008 685 dicit
1040 651 1249 694 Sallustius,
1274 650 1447 685 historiae
1476 650 1601 685 laudes

199 713 277 746 aliis
299 724 336 746 se
359 713 577 756 relinquere,
620 712 732 756 ipsum
758 712 935 746 celebrare
958 713 1052 746 nolle
1066 737 1075 752 ,
1110 724 1153 746 ne
1186 723 1310 757 parum
1335 724 1415 747 vere
1438 716 1473 746 et
1495 722 1602 756 supra

199 773 344 807 modum
378 773 429 817 (i.
462 785 491 807 e.
527 784 590 816 per
624 772 875 817 insolentiam)
918 775 1073 808 studium
1104 786 1207 808 suum
1237 774 1399 808 laudasse
1428 773 1602 808 videatur.

199 835 269 869 Per
289 846 327 868 se
348 834 459 878 igitur
476 836 571 877 patet
587 834 698 867 verba
719 834 899 868 laudando
923 837 1106 876 extollere,
1141 845 1232 878 quae
1257 834 1398 867 Cottius
1424 830 1602 871 disiunxit,

199 894 443 939 coniungenda
479 905 572 935 esse,
613 894 718 937 idque
752 895 916 939 loquendi
947 908 1011 930 usu
1041 895 1187 941 egregie
1213 895 1462 936 confirmatur,
1493 903 1603 936 quum

200 957 364 990 extollere
391 960 425 989 et
456 956 600 999 efferre,
625 966 839 999 quamquam
868 958 960 990 nude
987 957 1071 1001 poni
1094 960 1256 1000 possunt,
1281 960 1401 990 tamen
1416 952 1602 999 gravitatis

201 1027 326 1050 caussa
355 1027 460 1060 saepe
488 1017 684 1050 ablativum
713 1018 771 1050 vel
802 1017 1011 1051 substantivi
1040 1019 1098 1051 vel
1123 1016 1286 1063 gerundii
1312 1015 1516 1051 adiunctum
1536 1014 1603 1047 ha-

198 1078 327 1119 beant3
354 1078 400 1112 cf.
433 1078 509 1112 Cat.
527 1078 618 1118 vlu,
645 1077 680 1112 4.
709 1083 878 1123 quantum
904 1079 1063 1112 verbis
1088 1089 1166 1112 eam
1188 1082 1334 1122 potuere
1361 1076 1602 1115 extollere.

199 1139 277 1184 lug.
302 1139 379 1181 XV,
401 1138 435 1174 2.
471 1139 664 1184 Iugurthae
693 1139 860 1173 virtutem
889 1140 1118 1174 extollere
1146 1140 1382 1174 laudibus.
1435 1136 1541 1179 bxv,
1566 1135 1602 1169 3.

201 1199 353 1234 secunda
378 1199 536 1233 oratione
564 1200 736 1234 extollere.
785 1201 969 1242 LXXXV,
993 1201 1050 1235 21.
1091 1201 1191 1244 cm,
1216 1201 1251 1236 7.
1298 1202 1487 1235 Praeterea
1512 1196 1606 1242 quod

200 1259 362 1300 curtius,
394 1262 432 1293 ut
464 1260 657 1295 sententiae
683 1262 777 1295 ratio
806 1264 957 1304 constet,
986 1264 1065 1295 ante
1093 1267 1221 1296 memet
1245 1261 1402 1306 suppleri
1422 1261 1520 1294 iubet
1537 1269 1604 1301 me,

201 1321 237 1355 id
264 1322 363 1355 nullo
390 1321 495 1354 modo
522 1320 601 1354 fieri
626 1324 756 1364 potest,
784 1326 823 1356 ut
847 1326 942 1366 patet
961 1334 1003 1356 ex
1029 1326 1112 1357 nota
1130 1324 1174 1357 ad
1196 1323 1298 1357 Catil.
1317 1335 1347 1356 c.
1369 1323 1501 1364 xxxl,
1518 1321 1554 1357 ⁷.
1569 1331 1603 1364 P.

153 1376 158 1382 ’
202 1381 283 1416 147.
331 1381 520 1426 Quomodo
550 1381 645 1415 euim
675 1393 716 1415 ex
739 1384 815 1427 quis
838 1383 960 1418 elicias
978 1383 1061 1417 me?
1107 1383 1266 1427 Denique
1283 1385 1380 1418 nulla
1399 1393 1524 1417 caussa
1541 1384 1604 1422 ost,

203 1454 267 1476 cur
292 1453 407 1476 meum
438 1446 520 1476 ante
545 1443 725 1476 laudando
751 1455 831 1477 cum
861 1444 980 1478 Coi-tio
1000 1444 1182 1488 eiiciatur,
1216 1456 1429 1490 quamquam
1447 1455 1469 1478 a
1487 1442 1604 1478 Guelt.

203 1502 239 1545 6,
259 1502 316 1537 12.
341 1504 426 1537 Ven.
443 1502 477 1536 3.
497 1506 532 1538 et
550 1505 626 1540 Vat.
647 1504 683 1538 4.
702 1505 815 1539 abest.
864 1505 1134 1549 Quodammodo
1153 1517 1345 1550 pronomen
1364 1506 1486 1540 firmat
1499 1504 1607 1539 etiam

205 1564 325 1598 Taciti
353 1565 471 1606 locus,
501 1565 598 1599 haud
622 1565 727 1600 (lubic
742 1567 785 1600 ad
807 1566 1015 1601 Sallustium
1041 1579 1242 1612 expressus,
1269 1568 1358 1602 Ann.
1376 1566 1470 1607 xw,
1492 1565 1552 1605 43,
1573 1565 1607 1598 1.

205 1637 248 1659 ne
267 1625 374 1659 nimio
404 1636 522 1659 amore
544 1626 683 1670 antiqui
713 1628 819 1661 moris
846 1629 1050 1662 studium
1079 1640 1215 1663 meum
1247 1629 1483 1663 extollere
1508 1626 1607 1660 vide-

206 1698 275 1721 rer.
300 1705 347 1710 ——
376 1685 441 1719 Per
465 1686 688 1719 insolentiam
716 1692 839 1722 auctor
858 1689 1015 1723 consulto
1033 1689 1150 1723 verbis
1169 1701 1213 1724 ne
1230 1708 1275 1715 —
1293 1691 1369 1735 quis
1387 1687 1608 1732 interposuit,

209 1752 247 1781 ut
264 1747 299 1781 id
311 1772 322 1789 ‚
349 1747 406 1780 cui
425 1747 580 1781 maxime
599 1759 784 1781 occurrere
802 1749 896 1789 vult,
926 1760 1005 1782 cum
1021 1750 1058 1783 vi
1076 1750 1331 1793 praemittatur.

302 1810 337 1850 §-
365 1808 399 1842 3.
446 1809 572 1853 atque]
607 1809 707 1842 Haec
731 1809 906 1853 particula
936 1813 976 1843 ut
999 1810 1069 1844 duo
1095 1811 1290 1854 vocabula,
1320 1821 1470 1854 quorum
1491 1813 1608 1855 poste-

209 1870 283 1905 rius
309 1869 419 1914 priori
446 1869 594 1915 gravius
617 1874 687 1913 est,
714 1870 895 1915 coniungit
921 1870 981 1914 (V.
1001 1871 1046 1904 ad
1067 1872 1143 1905 Cat.
1160 1883 1189 1904 c.
1210 1872 1266 1912 m,
1286 1871 1392 1914 1⁰.)‚
1423 1871 1475 1906 ita
1499 1871 1610 1906 etiam

211 1931 355 1966 inservit
381 1930 682 1965 enunciationibus
707 1931 931 1975 copulandis,
957 1943 1109 1975 quarum
1130 1933 1303 1976 posterior
1319 1932 1466 1978 gravior
1479 1936 1531 1967 est
1547 1944 1610 1968 an-

213 1993 412 2033 tecedente3
451 2003 559 2035 quam
587 1992 760 2026 rationem
789 1995 953 2026 accurate
980 1993 1170 2037 explicavit
1195 1994 1357 2028 Handius
1386 1994 1429 2027 de
1459 1993 1610 2028 Particc.

214 2056 305 2090 batt.
324 2054 401 2088 Vol.
421 2054 448 2087 1.
474 2066 507 2097 p.
527 2052 610 2087 484.
659 2054 738 2088 Hoc
766 2053 878 2099 igitur
906 2054 1083 2099 significat
1110 2054 1322 2098 Sallustius,
1351 2065 1419 2088 non
1444 2054 1559 2088 solum
1580 2054 1611 2088 si

213 2116 337 2150 laudet
360 2114 531 2149 historiae
554 2114 708 2148 studium
735 2115 866 2149 multos
895 2114 930 2148 id
956 2126 1064 2160 aegre
1086 2116 1234 2157 laturos,
1259 2117 1331 2158 sed,
1357 2115 1496 2150 etiamsi
1520 2114 1612 2149 nihil

213 2178 258 2212 de
275 2176 351 2211 eius
368 2176 499 2210 virtute
518 2175 630 2219 dicat,
665 2177 752 2210 adeo
770 2175 847 2209 fore
859 2201 870 2219 ,
901 2175 962 2219 qui
975 2176 1091 2219 ipsum
1108 2178 1261 2212 studium
1280 2178 1490 2220 vituperent.
1534 2176 1614 2223 Non

214 2239 298 2274 satis
326 2241 421 2272 recte
445 2237 556 2281 igitur
579 2236 719 2270 Curtius
744 2241 899 2281 ,‚atque,
928 2236 1062 2282 iuquit,
1085 2238 1194 2273 servit
1220 2237 1441 2283 occupationi
1461 2241 1496 2272 et
1515 2240 1614 2273 notat

217 2306 252 2335 et
279 2310 382 2342 vero,
407 2303 443 2333 et
472 2302 629 2333 tamen.“
674 2297 795 2342 Neque
824 2298 985 2333 assentiri
1012 2310 1196 2343 possumus
1224 2299 1385 2341 Handio,
1410 2299 1471 2343 qui
1495 2299 1612 2343 ¹.l.p.

217 2361 298 2396 489.
320 2359 573 2395 sententiarum
599 2370 729 2392 nexum
751 2358 854 2393 aliter
871 2370 978 2402 quam
994 2370 1057 2393 nos
1077 2361 1217 2404 capiens
1234 2366 1340 2406 atque
1355 2358 1543 2393 vernacule
1559 2357 1614 2392 in-

217 2422 478 2468 terpretandum
501 2424 619 2455 censet
644 2420 863 2466 gleichwohl.
921 2419 1028 2454 Cuius
1047 2420 1292 2465 explicationis
1315 2419 1445 2453 oblitus
1471 2431 1505 2463 p.
1531 2417 1613 2454 498.

219 2484 330 2519 aliam
354 2482 538 2527 proponit,
555 2480 687 2514 -miuus
715 2479 842 2522 etiam,
872 2480 905 2514 si
928 2480 1013 2525 quid
1044 2481 1168 2524 video,
1203 2480 1530 2516 commendabilem.
1568 2498 1612 2506 -

223 2548 391 2580 Salutare
420 2546 552 2588 spectat
575 2542 618 2575 ad
639 2541 844 2575 ambitiosos
865 2541 945 2575 illos
958 2566 967 2582 ‚
994 2541 1056 2584 qui
1078 2545 1221 2586 propter
1236 2543 1386 2576 honores
1406 2542 1616 2585 prensabant

223 2607 361 2651 plebem
374 2631 384 2649 ,
412 2605 520 2640 etiam
539 2603 800 2637 nomenclatore
817 2601 989 2635 adhibito.
1037 2603 1082 2637 οἳ.
1112 2603 1184 2636 Cic.
1203 2603 1246 2636 de
1262 2603 1358 2646 petit.
1377 2614 1472 2636 cons.
1489 2614 1520 2636 c.
1540 2603 1612 2636 vn.

221 2668 298 2702 mv.
318 2667 447 2708 xxm,
466 2666 501 2707 4,
520 2665 554 2700 2.
585 2665 678 2698 Hinc
697 2668 895 2704 senatores,
925 2663 1052 2696 omissa
1079 2665 1267 2708 dignitatis
1292 2665 1529 2709 libertatisque
1544 2676 1617 2699 me—

222 2729 356 2768 moria,
390 2727 524 2772 plebem
545 2726 705 2767 adulari,
724 2725 900 2766 salutare,
917 2724 1080 2769 henigne
1104 2725 1277 2766 invitare,
1308 2726 1492 2770 apparatis
1521 2726 1617 2760 acci-

219 2799 305 2834 pere
323 2789 444 2832 epulis.
491 2787 541 2820 ib.
561 2786 624 2828 111,
645 2785 701 2826 14,
719 2784 752 2819 5.
780 2803 825 2810 —-
858 2785 1032 2819 conuiuiis
1051 2784 1076 2818 i.
1098 2797 1129 2818 o.
1148 2785 1263 2829 epulis
1280 2789 1313 2819 et
1329 2784 1619 2820 viscerationibus
