1716 2996
218 181 304 222 372
588 177 633 220 C.
665 177 995 220 SALLUSTI
1025 178 1249 224 CRISPI

356 293 499 339 LXX.
571 295 660 339 Per
703 294 824 339 idem
860 301 1036 356 tempus
1069 296 1324 353 Bomilcar,
1364 299 1486 344 cuius
1521 299 1608 344 im-

221 392 355 453 pulsu
390 390 612 452 Iugurtha
647 391 936 446 deditionem,
972 408 1108 451 quam
1143 400 1267 439 metu
1298 394 1505 451 deseruit,
1540 396 1609 440 in-

163 542 165 544 v
222 494 433 550 ceperat,
466 494 699 549 suspectus
734 489 847 549 regi,
884 495 930 534 et
964 491 1061 550 ipse
1092 507 1195 535 eum
1233 492 1491 552 suspiciens,
1525 508 1609 537 no·

111 631 130 641 f
225 603 303 632 vas
338 603 410 631 res
448 601 638 647 cupere,
683 586 743 630 ad
777 586 1023 646 perniciem
1058 588 1149 632 eius
1189 588 1344 632 dolum
1381 566 1612 647 quaerere,

184 684 295 733 2die
330 689 559 742 noctuque
595 683 787 744 fatigare
818 684 1028 728 animum.
1088 685 1296 744 Denique
1329 685 1478 731 omnia
1511 692 1609 731 ten-

222 832 329 865 quum
355 820 433 866 lege
456 819 586 855 Porcia
617 819 687 865 (de
712 830 783 864 qua
805 831 841 855 ν.
875 821 920 856 ad
947 820 1050 855 Catil.
1085 821 1150 863 m,
1177 820 1234 855 22.
1271 834 1304 865 p.
1329 822 1409 857 251).
1432 826 1468 857 et
1490 821 1612 867 Sigon.

222 882 266 916 de
289 881 434 925 antiquo
458 882 537 915 iure
561 892 641 926 pop.
667 882 774 916 Rom.
800 882 829 924 1,
853 882 887 917 6.
914 894 947 926 p.
972 881 1031 916 87.
1055 882 1109 915 ed.
1133 883 1218 916 llul.
1246 881 1366 927 1715.)
1391 886 1533 917 cautum
1557 894 1612 917 es-

222 946 295 985 set,
327 954 371 976 ne
408 942 486 986 quis
509 942 596 976 civis
630 942 812 977 Romanus
843 947 905 978 aut
937 943 996 988 qui
1030 943 1084 977 ius
1117 942 1309 986 Quiritium
1333 944 1479 978 haberet
1501 943 1612 988 virgis

222 1000 447 1046 caederetur,
470 1003 577 1037 huius
600 1003 761 1038 beneficii
785 1003 876 1038 nihil
902 1005 948 1039 ad
971 1015 1051 1046 eos,
1076 1003 1138 1047 qui
1164 1003 1240 1038 iure
1263 1003 1357 1038 Latii
1379 1007 1514 1044 tantum
1537 1010 1613 1038 ute-

222 1069 360 1107 rentur,
394 1064 609 1109 pertinebat,
642 1065 734 1108 quod
757 1064 849 1099 idem
873 1064 1040 1110 Sigonius
1062 1063 1198 1098 monuit
1221 1064 1256 1098 in
1289 1064 1380 1099 libro
1404 1065 1447 1098 de
1469 1064 1614 1108 antiquo

222 1126 299 1161 iure
321 1126 449 1160 Italiae
473 1127 501 1168 l,
525 1124 558 1158 4.
583 1137 616 1169 p.
641 1124 722 1160 496.
755 1126 809 1163 ed.
833 1127 916 1160 Hal.
953 1126 998 1161 cf.
1022 1125 1132 1160 etiam
1157 1125 1339 1160 Heineccii
1363 1126 1502 1170 Antiqq.
1526 1126 1615 1161 luris

222 1187 327 1221 Rom.
353 1185 433 1222 Lib.
458 1187 485 1221 1.
508 1186 663 1230 Append.
700 1198 729 1219 c.
755 1186 797 1219 Π.
828 1188 860 1228 §-
885 1185 942 1220 85.
967 1198 999 1231 p.
1024 1186 1106 1221 301.
1130 1186 1184 1221 ed.
1209 1187 1398 1230 Haubold„
1422 1187 1485 1221 nbi
1506 1186 1615 1222 nostri

222 1259 360 1292 quoque
383 1246 452 1282 loci
475 1248 605 1282 mentio
638 1248 698 1290 fit,
730 1250 765 1281 et
798 1246 893 1290 Lips.
926 1246 969 1280 de
991 1247 1097 1284 Milit.
1121 1249 1226 1282 Rom.
1253 1249 1301 1294 V,
1325 1248 1383 1285 18.
1429 1248 1616 1286 Meliorem

223 1308 358 1344 Latinis
381 1308 621 1342 condicionem
651 1306 788 1351 paravit
818 1306 940 1340 Livius
964 1306 1125 1342 tribunus
1148 1308 1280 1352 plebis,
1313 1310 1356 1343 de
1379 1320 1448 1354 quo
1471 1310 1615 1344 Plutar-

223 1370 310 1404 chus
336 1369 372 1403 in
396 1369 472 1404 vita
495 1368 535 1403 C.
560 1368 714 1402 Gracchi
737 1379 768 1402 c.
791 1368 853 1409 lx,
881 1379 914 1411 p.
939 1368 1029 1401 med.
1056 1368 1146 1403 haec
1167 1370 1294 1404 refert:
1324 1371 1460 1416 Λιβίου
1486 1367 1615 1412 ὅπως

223 1419 341 1476 μηδ”
378 1426 455 1466 ἐπὶ
499 1428 754 1472 στρατείας
787 1425 873 1475 ἐξῇ
910 1426 1018 1464 τινὰ
1048 1429 1268 1466 Λατίνων
1309 1426 1514 1476 ῥάβδοις
1544 1432 1614 1467 αἰ-

226 1493 463 1528 κίσασθαι
496 1487 714 1535 γράψαντος
729 1515 737 1531 ,
772 1486 964 1536 ἐβοήθουν
987 1489 1040 1536 τῷ
1061 1487 1179 1537 νόμῳ.
1228 1491 1392 1526 ceterum
1413 1492 1457 1527 de
1478 1492 1614 1537 Turpi-

224 1553 274 1588 lio
306 1564 381 1587 rem
415 1552 535 1597 paullo
561 1550 664 1585 aliter
696 1560 804 1594 quam
834 1548 1022 1584 Sallustius
1054 1555 1174 1585 narrat
1198 1551 1408 1587 Plutarchus
1437 1553 1475 1587 in
1499 1553 1615 1588 Mario

225 1626 257 1649 c.
281 1614 372 1648 vm.
421 1612 487 1647 Cui
510 1611 541 1646 si
564 1611 650 1646 fides
671 1610 854 1654 habenda,
877 1609 983 1644 miser
1005 1611 1211 1654 praefectus,
1241 1612 1344 1657 culpa
1368 1618 1511 1657 vacuus,
1533 1614 1614 1648 Ma—

225 1675 280 1710 rio
313 1674 487 1719 imprimis
518 1672 694 1708 annitente
727 1669 853 1715 capitis
879 1670 1063 1705 damnatus
1093 1676 1171 1716 est,
1204 1673 1295 1708 nihil
1324 1674 1489 1709 adversus
1510 1674 1618 1709 huius

226 1735 451 1771 severitatem
474 1745 517 1769 ac
539 1732 727 1767 saevitiam
750 1731 887 1766 Metelli
909 1731 1063 1776 hospitio
1086 1734 1234 1769 valente.

319 1796 427 1831 Lxx.
454 1798 488 1839 §.
511 1794 546 1829 1.
580 1805 685 1840 quam
701 1815 747 1820 —
763 1791 928 1837 deseruit]
955 1794 1027 1827 Res
1051 1798 1194 1828 narrata
1217 1797 1268 1829 est
1291 1805 1322 1829 c.
1346 1793 1454 1835 mm,
1476 1793 1510 1829 8.
1542 1795 1615 1830 Pro

227 1858 382 1892 deseruit
413 1855 662 1900 exspectaveris
693 1855 842 1889 fortasse
872 1854 1008 1897 omisit,
1042 1865 1150 1897 quum
1173 1854 1344 1900 iugurtha
1375 1861 1495 1900 sponte
1517 1856 1614 1890 dedi-

228 1918 333 1954 tionis
364 1917 549 1965 consilium
585 1916 774 1957 abiecerit3
816 1914 876 1950 sed
906 1914 1095 1950 Sallustius
1125 1916 1284 1949 consulto
1317 1915 1474 1951 deserere
1505 1918 1613 1952 verbo

229 1991 311 2015 usus
333 1979 492 2023 videtur,
513 1981 553 2012 ut
577 1977 795 2022 significaret
816 1976 1025 2021 Iugurtham
1048 1980 1170 2010 contra
1193 1987 1298 2021 quam
1321 1977 1489 2014 debuerat
1511 1989 1533 2012 a
1555 1979 1615 2012 de·-

229 2040 361 2075 ditione
387 2039 574 2075 abstitisse.
597 2038 642 2072 cf.
667 2049 756 2083 quae
780 2038 823 2072 de
845 2040 1018 2082 potestate
1041 2036 1141 2071 verbi
1165 2036 1321 2071 deserere
1344 2037 1493 2073 diximus
1515 2039 1561 2074 ad
1584 2051 1615 2074 c.

230 2099 361 2143 XXXI,
387 2098 444 2134 18.
471 2111 503 2144 p.
528 2098 608 2134 18⁷.
632 2118 678 2125 —
704 2098 901 2144 suspiciens
924 2098 947 2135 i.
972 2110 1003 2133 e.
1026 2101 1224 2142 suspectum
1246 2097 1398 2141 hahens,
1421 2109 1490 2143 quo
1513 2111 1615 2134 sensu

229 2161 400 2206 suspicere
433 2161 522 2195 alias
554 2171 622 2194 non
651 2160 789 2196 dicitur.
837 2159 907 2194 Sed
939 2165 1136 2205 suspectare
1159 2158 1208 2193 ita
1242 2159 1334 2203 apud
1357 2159 1522 2195 Tacitum
1545 2161 1615 2195 l're-

229 2233 363 2267 quens3
387 2232 423 2255 v,
445 2221 664 2256 Boetticheri
687 2222 769 2256 Lex.
794 2221 883 2258 Tac.
902 2223 940 2259 h.
963 2233 997 2256 v.
1022 2234 1058 2266 p.
1079 2220 1160 2257 453.
1207 2220 1313 2255 Haud
1336 2221 1433 2255 male
1453 2222 1614 2256 lauman-

230 2294 296 2317 nus
327 2286 443 2317 censet
478 2280 689 2317 Sallustium
721 2283 902 2327 oppositae
931 2281 1119 2318 sententiae
1151 2281 1278 2316 natura
1308 2281 1354 2315 ad
1381 2293 1486 2316 usum
1516 2281 1615 2315 verbi

231 2343 351 2388 paullo
383 2342 643 2378 insolentiorem
679 2343 821 2378 ductum
856 2356 951 2387 esse,
998 2343 1080 2378 coll·
1114 2342 1189 2377 Cat.
1221 2342 1304 2383 XL,
1333 2340 1369 2375 2.
1428 2342 1615 2376 Umbr‘enus

231 2404 444 2450 principibus
484 2405 679 2439 civitatium
721 2410 862 2440 notus
900 2410 1006 2440 erat
1042 2409 1148 2450 atque
1186 2415 1247 2437 eus
1286 2406 1491 2436 nouerat.
1533 2401 1613 2444 Liv.

234 2463 408 2508 XXXIX,
441 2463 509 2506 4⁰,
543 2464 578 2502 9.
625 2466 829 2500 Simultates
868 2469 1308 2500 exercuerunt-eum
1339 2467 1374 2497 ct
1395 2462 1468 2507 ipse
1491 2473 1614 2497 exer-

233 2524 330 2560 eut‘t
373 2535 459 2558 eae.
490 2524 607 2559 Verba
640 2526 697 2559 ad
729 2526 916 2571 perniciem
947 2526 1019 2560 eius
1050 2526 1208 2560 dolum
1239 2533 1405 2569 quaerere
1437 2522 1614 2566 Non.1V‚

232 2584 314 2621 438.
345 2584 397 2619 sic
425 2585 550 2620 refert:
584 2590 627 2620 et
656 2587 842 2630 perniciem
877 2586 950 2620 eius
987 2587 1062 2620 dol
1072 2597 1091 2619 ο
1122 2595 1311 2630 quaerere,
1343 2594 1435 2628 quae
1465 2583 1616 2619 mutatio

233 2645 381 2682 difficile
413 2645 509 2682 dictu
531 2648 583 2680 est
606 2646 696 2680 unde
718 2646 880 2690 fluxerit,
914 2657 1023 2690 quum
1056 2646 1151 2680 nulla
1182 2644 1217 2680 in
1241 2645 1339 2680 codd.
1362 2643 1526 2679 Sallustii
1544 2644 1613 2679 dis-

233 2706 414 2751 crepantia
430 2705 639 2750 -scriptnrae
672 2706 739 2749 sit,
772 2711 806 2742 et
838 2707 914 2751 ipse
945 2706 1076 2741 Nonius
1108 2704 1143 2739 in
1167 2705 1292 2740 ceteris
1325 2704 1441 2739 verbis
1462 2704 1513 2740 ita
1533 2716 1614 2739 cum

232 2766 332 2800 codd.
361 2765 571 2808 consentiat,
602 2769 642 2802 ut
662 2766 770 2801 verba
803 2777 872 2802 non
900 2765 1104 2801 memoriter
1135 2765 1295 2801 laudasse
1328 2765 1497 2801 videatur.
1544 2765 1612 2799 Sed
