1716 2996
256 120 317 163 28
715 107 725 116 '
869 115 1044 160 mex

257 226 458 276 Diligentia
479 225 654 273 quomodo
675 226 818 264 differat
837 227 884 262 ab
904 228 1093 274 industria,
1113 230 1142 267 1.
1161 228 1220 274 76,
1237 230 1274 266 1.
1306 241 1323 253 -’

258 288 446 324 Dimittere
469 286 619 332 aliquem
637 285 860 330 impunitum,
884 286 924 321 C.
946 285 1005 330 51,
1027 286 1064 327 5.

258 344 446 380 Dimittere
467 343 644 387 quomodo
665 335 807 377 differat
827 343 874 377 ab
897 344 1068 388 omittere,
1089 344 1117 379 1.
1141 343 1200 390 31,
1221 345 1280 382 17.

258 401 446 437 Dimittere
465 404 501 435 et
525 400 706 435 demittere
731 401 889 443 confusa,
911 401 940 436 l.
963 401 1046 445 102,
1061 402 1120 439 ll·

257 455 463 495 Διολλύναι
489 457 514 492 i.
538 466 574 500 q.
598 456 757 500 perdere,
782 456 811 491 1.
835 457 894 500 31,
918 457 977 495 17.

257 517 430 554 Dirimere
452 514 598 559 aliquid,
621 513 647 549 i.
671 526 705 559 q.
729 514 869 550 irritum
888 516 1044 560 reddere,
1068 517 1109 554 C.
1133 518 1190 563 18,
1205 518 1241 558 8.

257 575 444 611 Discedere
466 572 641 617 quomodo
663 572 806 608 differat
829 584 852 608 a
874 575 1050 619 decedere,
1073 576 1101 611 l.
1129 576 1188 619 20,
1210 577 1246 616 1.

256 632 445 668 Discedere
466 631 597 666 victum
618 632 675 675 vel
692 631 878 676 victorem,
910 632 955 667 de
977 633 1236 669 contentionum
1266 637 1394 669 eventu
1421 634 1570 678 dicitur,
1601 633 1643 671 C.

347 689 407 732 49,
429 689 465 724 2.
512 688 541 724 1.
563 687 622 730 79,
645 687 682 722 7.

257 748 457 790 Discedere,
480 745 654 788 discessio,
676 745 715 780 in
735 747 955 790 sententiam,
978 748 1153 793 quomodo
1174 749 1250 793 fiat,
1270 749 1308 787 C.
1331 747 1390 795 50,
1407 748 1444 786 4.

256 807 464 851 Disceptare
485 804 560 838 iure
581 803 798 844 formu1a‚,1.
821 804 880 847 21,
903 805 938 843 4.

258 864 463 900 Discernere
484 861 659 906 quomodo
683 861 825 898 differat
846 873 871 898 a
893 865 1083 908 decernere,
1104 864 1147 902 C.
1168 863 1227 908 25,
1250 864 1285 901 3.

259 922 418 957 Disertus
440 919 616 964 quomodo
638 919 780 956 differat
801 930 824 967 a
840 922 1023 964 facundus
1043 926 1079 958 et
1101 925 1271 969 eloquens,
1293 924 1320 958 1.
1343 922 1401 966 85,
1423 923 1483 961 26.

257 979 517 1025 Disiunguntur
540 978 651 1013 verba
681 980 779 1013 arcte
808 979 1032 1016 cohaerentia
1052 980 1203 1016 vocibus
1223 982 1400 1018 nonnullis
1420 981 1644 1026 interpositis,

348 1037 392 1071 C.
413 1035 473 1080 29,
501 1034 537 1070 3.

257 1095 436 1132 Da'sserere
458 1092 588 1137 duplici
610 1095 788 1131 structura
813 1093 850 1129 in
864 1095 994 1133 ,eadem
1016 1089 1258 1133 enunciatione
1278 1097 1454 1141 positum,
1486 1098 1526 1132 C.
1552 1095 1587 1141 5,
1609 1097 1646 1133 9.

258 1155 332 1190 Diu
355 1163 418 1197 pro
442 1152 500 1186 die
523 1151 657 1187 dictum
681 1152 718 1186 in
742 1153 900 1188 formula
924 1155 985 1188 diu
1012 1160 1192 1201 noctuque,
1215 1157 1242 1189 1.
1265 1155 1325 1197 44,
1347 1155 1382 1190 5.
1429 1154 1487 1197 70,
1511 1156 1547 1190 1.

259 1212 426 1250 Diversus
447 1219 556 1254 quam
578 1209 656 1244 vim
679 1210 820 1252 habeat,
847 1211 886 1244 C.
911 1211 947 1254 2,
970 1211 1004 1246 1.
1050 1211 1086 1255 5,
1109 1213 1143 1250 8.
1189 1214 1217 1248 1.
1243 1214 1301 1258 12,
1324 1212 1359 1248 5.
1405 1214 1464 1255 31,
1487 1213 1546 1250 24.

257 1269 392 1306 Divina
410 1272 445 1302 et
463 1267 618 1300 humana
635 1267 753 1301 omnia
775 1268 950 1310 quomodo
972 1268 1241 1315 intelligendum
1262 1271 1318 1311 sit,
1342 1272 1369 1307 1.
1391 1269 1427 1314 5,
1451 1270 1486 1305 2.
1530 1270 1590 1315 31,
1611 1268 1650 1307 9.

257 1329 391 1365 Docere
413 1324 588 1370 quomodo
612 1323 754 1358 differat
775 1324 820 1358 ab
844 1325 998 1369 edocere,
1020 1326 1061 1363 C.
1081 1325 1142 1373 48,
1165 1327 1205 1362 4.
1245 1328 1273 1363 1.
1296 1327 1354 1371 68,
1381 1327 1418 1362 3.

258 1387 390 1422 Docere
412 1382 437 1417 i.
460 1393 494 1426 q.
520 1391 680 1424 narrare,
704 1381 735 1417 1.
755 1379 815 1425 40,
838 1381 877 1420 4.

257 1445 390 1480 Doctus
409 1439 540 1485 triplici
562 1439 667 1475 modo
690 1442 940 1482 constructum,
963 1439 1004 1475 0.
1026 1438 1085 1484 25,
1107 1441 1144 1476 2.
1595 1483 1598 1486 y

257 1502 386 1539 Dolere
412 1499 456 1534 de
479 1497 601 1544 aliqua
625 1509 665 1534 re
684 1498 745 1534 vel
768 1497 888 1544 aliqua
912 1508 952 1534 re
984 1497 1166 1536 diversum
1187 1510 1211 1535 a
1233 1500 1351 1536 dolere
1365 1509 1432 1546 pro
1450 1499 1570 1545 aliqua
1594 1510 1646 1544 re,

350 1559 380 1594 1.
402 1557 464 1599 39,
484 1556 521 1591 1.
783 1594 786 1597 ⁴

258 1619 364 1655 Dolet
384 1615 519 1660 aliquid
535 1612 633 1656 mihi,
656 1613 684 1650 1.
708 1612 765 1656 84,
789 1611 826 1648 1.

220 1712 222 1714 ,
258 1676 369 1712 Dolus
388 1672 490 1708 varia
513 1674 686 1709 relatione
707 1674 853 1716 dictum,
875 1672 905 1708 1.
928 1670 989 1716 36,
1012 1670 1048 1711 3.

258 1733 370 1769 Dolus
390 1731 415 1766 i.
440 1742 475 1775 q.
498 1731 668 1774 sollertia,
691 1731 731 1766 G.
755 1731 814 1775 26,
834 1730 870 1768 2.

258 1790 358 1826 Dolis
380 1787 576 1823 interficere
595 1789 762 1834 aliquem,
785 1789 813 1823 Ι.
837 1787 874 1831 6,
895 1787 932 1824 8.

258 1849 412 1884 Domare
433 1845 459 1880 i.
484 1858 518 1890 q.
541 1858 599 1882 res
615 1841 763 1891 ‘asperas
786 1857 964 1890 superare,
991 1844 1030 1880 C.
1053 1843 1089 1887 7,
1104 1842 1141 1879 5.

258 1905 364 1941 Domi
387 1907 421 1938 et
437 1905 533 1948 foris
554 1904 730 1949 quomodo
754 1903 822 1938 sibi
847 1902 1008 1948 opposita
1027 1902 1107 1947 sint,
1129 1903 1159 1938 1.
1181 1901 1239 1946 85,
1261 1902 1297 1941 3.

258 1962 365 1998 Domi
387 1955 582 2008 militiaque
603 1962 761 2004 dubium,
785 1962 824 1996 C.
847 1961 906 2004 53,
924 1962 960 1999 2.

257 2021 461 2056 Dominatio
483 2020 679 2056 nobilitatis
701 2019 883 2064 proprium
906 2019 1044 2062 vitium,
1065 2019 1095 2053 1.
1116 2017 1176 2063 41,
1199 2017 1235 2054 5.
1604 2043 1622 2073 ἦ

257 2078 387 2114 Domus
417 2088 487 2112 vox
517 2089 599 2114 eum
632 2077 806 2114 adiectivo
846 2077 1034 2114 coniuncta
1066 2076 1360 2123 praepositionem
1390 2088 1459 2117 non
1487 2078 1646 2124 requirit,

351 2135 379 2171 1.
402 2133 461 2177 66,
484 2134 520 2171 3.

258 2194 392 2229 Dubius
415 2204 497 2227 cum
519 2192 640 2228 dativo
662 2191 780 2237 supini
802 2194 1049 2233 constructum,
1073 2191 1101 2229 l.
1118 2190 1176 2232 94,
1200 2191 1234 2230 2.

258 2252 367 2286 Dubii
385 2251 510 2294 hostes,
533 2251 560 2285 i.
584 2263 618 2298 q.
641 2251 687 2286 ad
709 2251 833 2296 fugam
855 2249 1070 2290 inclinantes,
1095 2249 1121 2286 l.
1143 2249 1202 2293 51,
1225 2248 1261 2285 5.

257 2309 299 2345 ln
322 2309 425 2343 dubio
444 2320 516 2343 esse
538 2309 564 2344 i.
589 2321 622 2354 q.
644 2308 682 2343 in
703 2308 860 2353 periculo
884 2319 970 2350 esse,
994 2307 1034 2341 C.
1050 2304 1116 2355 ¹52,
1139 2306 1176 2343 6.

259 2370 395 2405 Ducere
417 2372 453 2404 et
474 2378 600 2414 rupere
622 2365 819 2408 coniuncta,
843 2366 873 2401 1.
897 2364 956 2408 41,
982 2363 1018 2398 5.

258 2427 393 2463 Ducere
415 2429 451 2460 et
472 2427 642 2461 deducere
665 2425 824 2466 confusa,
846 2423 875 2458 1.
898 2419 981 2463 113,
1003 2419 1040 2456 5.

257 2485 393 2520 Ducere
412 2484 548 2528 aliquid
562 2484 599 2521 in
620 2484 775 2528 aliquam
793 2492 877 2523 rem,
899 2479 926 2521 i,
949 2491 983 2524 q.
1006 2479 1240 2525 interpretari,
1261 2480 1290 2516 1.
1311 2479 1370 2523 85,
1390 2479 1448 2515 26.

258 2542 373 2576 Duces
395 2541 577 2576 eohortem
599 2540 668 2575 sibi
693 2540 882 2586 eligebant,
905 2537 935 2581 I.
956 2537 1016 2579 98,
1041 2537 1075 2575 1.

257 2599 414 2634 Ductare
437 2599 607 2635 obscoene
629 2597 781 2642 intelligi
804 2600 930 2641 potest,
953 2597 982 2630 1.
1005 2596 1064 2637 21,
1088 2594 1123 2629 2.

257 2655 414 2691 Ductare
436 2657 621 2698 exercitum
643 2654 668 2689 i.
692 2666 726 2698 q.
749 2666 910 2698 praeesse
935 2652 1115 2694 exercitui,
1144 2651 1184 2686 C.
1207 2650 1265 2693 11,
1287 2649 1322 2685 5.

256 2713 350 2748 Dum
370 2712 509 2748 soloece
534 2724 616 2748 enm
637 2712 862 2749 coniunctivo
885 2710 1079 2758 praesentis
1100 2710 1269 2754 iunctum,
1291 2709 1321 2745 1.
1344 2708 1404 2754 22,
1419 2709 1455 2747 1.
