1702 2982
194 198 226 240 2
569 197 619 241 G.
647 197 979 242 SALLUSTI
1010 198 1231 244 CRISPI

161 318 393 375 2regatur.
464 314 585 359 Nam
629 322 784 359 contra
822 316 1079 377 reputando
1114 331 1263 376 neque
1297 317 1441 362 maius
1475 317 1599 362 aliud

196 426 350 470 neque
380 413 693 472 praestabilius
728 414 948 470 invenies,
982 414 1218 475 magisque
1245 420 1431 458 naturae
1460 413 1598 459 indu-

163 508 351 555 Sstriam
384 507 618 555 hominum
653 525 790 570 quam
825 510 916 555 vim
951 516 1027 555 aut
1061 516 1241 572 tempus
1274 511 1447 556 deesse.
1499 510 1602 558 Sed

194 665 323 700 merito
340 664 571 710 vituperavit,
595 676 705 710 quum
727 665 795 700 ista
814 665 951 708 forma,
974 664 1165 700 serioribus
1181 666 1413 711 concedenda,
1437 666 1598 703 Ciceroni

195 726 340 772 eiusque
362 727 568 771 aequalibus
594 728 697 771 plane
716 727 883 761 inusitata
899 727 1019 762 fuerit.
1065 727 1164 761 Idem
1193 728 1340 763 eandem
1361 741 1439 763 rem
1454 729 1598 763 uberius

194 789 397 832 persecutus
427 791 482 822 est
510 789 547 822 in
568 789 686 823 Iahnii
714 789 850 823 Annali.
877 788 1008 823 Philol.
1035 791 1070 822 et
1097 787 1254 834 Paedag.
1281 800 1316 826 a.
1336 790 1443 825 1826.
1475 790 1552 825 vol.
1570 791 1596 828 1.

196 849 281 884 fasc.
298 849 332 883 2.
357 861 394 894 p.
414 848 510 890 301„
533 849 665 885 reiecta
683 849 885 885 Gernhardi
904 848 1085 890 sententia,
1111 849 1173 893 qui
1193 850 1239 884 ad
1254 850 1327 886 Cic.
1350 851 1448 886 Lael.
1469 863 1499 886 c.
1519 850 1596 896 vn,

195 911 254 946 23.
277 914 313 946 et
327 911 372 946 ad
390 911 470 947 Cat,
490 911 541 946 M.
558 922 591 946 c.
610 911 673 953 xl,
694 909 754 946 35.
783 915 970 954 utramque
996 911 1150 944 formam
1170 911 1313 955 probat,
1346 912 1488 946 aurium
1504 912 1595 946 iudi-

195 971 250 1007 cio
265 975 300 1007 et
327 971 585 1016 perspicuitatis
605 982 707 1006 sensu
734 971 1015 1013 diiufficandam,
1040 971 1086 1005 ad
1106 971 1220 1006 Laelii
1235 983 1320 1005 vero
1338 982 1372 1006 c.
1393 972 1510 1013 XVII,
1532 972 1593 1009 63.

194 1033 246 1068 ita
260 1033 461 1080 distinguit,
494 1036 535 1067 ut
553 1032 731 1067 imbecillis
746 1032 783 1066 vi
801 1031 1011 1067 substantivi
1037 1030 1145 1076 poni,
1169 1032 1359 1066 imbecillus
1376 1035 1495 1067 autem
1516 1037 1595 1068 tan-

196 1094 379 1129 tummodo
396 1093 607 1129 adiectivum
623 1104 700 1128 esse
715 1097 866 1139 statuat3
891 1105 982 1138 quae
1000 1092 1170 1128 sententia
1197 1096 1233 1127 et
1250 1105 1311 1138 per
1332 1104 1370 1128 se
1390 1094 1517 1129 idonea
1534 1106 1595 1130 ra·-

195 1158 291 1204 tione
306 1157 424 1197 caret,
462 1158 498 1190 et
518 1155 689 1190 similium
707 1155 963 1190 vocabulorum
981 1154 1184 1199 analogiam
1199 1154 1309 1189 habet
1327 1159 1594 1201 repugnantem.

194 1218 243 1253 cf.
259 1217 367 1253 etiam
387 1217 468 1252 Car.
488 1216 607 1252 Beier.
627 1216 674 1251 ad
695 1216 768 1251 Cic.
787 1217 832 1251 de
849 1216 921 1251 off.
941 1216 995 1257 ll,
1019 1214 1054 1258 8,
1081 1214 1140 1250 29.
1163 1227 1198 1260 p.
1218 1215 1277 1251 61.
1299 1235 1348 1242 ——
1370 1218 1504 1251 Aevum
1519 1216 1543 1253 i.
1561 1229 1592 1253 e.

196 1282 335 1324 tempus
351 1278 397 1313 ad
415 1277 603 1313 vivendum
617 1285 830 1319 concessum,
851 1277 926 1312 sive
944 1282 1056 1318 aetas,
1080 1287 1149 1320 quo
1165 1288 1267 1312 sensu
1285 1276 1395 1312 etiam
1412 1278 1477 1312 alii
1492 1290 1593 1314 voca-

192 1340 279 1375 bulo
296 1342 452 1382 utuntur,
474 1341 572 1374 velut
588 1340 680 1376 vell.
702 1340 750 1382 ΙΙ,
772 1336 832 1380 89,
850 1337 885 1372 5.
910 1336 1046 1371 Seneca
1064 1337 1130 1381 Ep.
1148 1337 1276 1380 XCIX,
1296 1342 1385 1374 extr.
1409 1337 1499 1374 Hor.
1518 1340 1593 1376 Sat.

194 1401 241 1443 ΙΙ,
262 1401 298 1442 6,
319 1399 379 1435 97.
425 1400 536 1435 Recte
554 1404 673 1436 tamen
695 1398 817 1435 Faber
845 1398 1027 1442 observat,
1052 1408 1162 1433 aurea
1179 1402 1295 1434 aetate
1313 1401 1501 1446 scriptores
1525 1413 1595 1436 non

193 1471 396 1506 usurpasse,
431 1460 501 1495 nisi
519 1464 560 1495 ut
577 1459 692 1495 maius
711 1459 891 1505 quoddam
907 1459 1002 1494 vitae
1023 1460 1177 1504 spatium
1192 1450 1443 1505 significarent.
1489 1463 1595 1507 Quod

194 1521 307 1568 igitur
327 1523 454 1557 natura
470 1521 655 1557 hominum
685 1521 767 1557 aevi
798 1521 906 1556 brev
919 1521 961 1556 is
981 1532 1058 1555 esse
1084 1520 1232 1565 dicitur,
1268 1521 1307 1556 id
1325 1522 1395 1563 hoc
1419 1522 1488 1557 sibi
1505 1524 1593 1566 vult,

194 1584 303 1619 etiam
318 1583 562 1629 longissimam
578 1583 691 1618 vitam
709 1586 828 1618 tamen
842 1581 986 1617 brevem
1008 1593 1093 1616 esse.

287 1648 320 1689 ἓ.
342 1646 379 1681 2.
428 1646 524 1680 Nam
547 1649 668 1680 contra
689 1643 886 1689 reputando
907 1662 955 1670 -
976 1642 1156 1687 invenies]
1185 1641 1315 1677 Contra
1338 1643 1480 1679 eortius
1498 1645 1595 1680 male

195 1707 242 1743 ad
259 1707 414 1742 invenies
429 1705 574 1741 trahens
587 1704 688 1750 peius
701 1703 811 1739 etiam
822 1728 834 1746 ‚
856 1709 1028 1748 tanquam
1045 1704 1324 1748 substantivum,
1344 1704 1594 1749 interpretatur

195 1768 477 1803 contrarium
506 1765 682 1808 invenies,
711 1766 882 1810 exemplis
903 1764 1127 1800 alienissimis
1154 1776 1248 1799 usus.
1294 1765 1373 1799 Non
1397 1770 1450 1800 est
1473 1771 1593 1802 autem

195 1840 283 1874 opus
299 1827 539 1863 demonstrare
564 1826 773 1862 adverbium
796 1837 873 1861 esse
892 1826 984 1869 quod
1000 1825 1176 1871 significet
1198 1837 1218 1860 e
1235 1825 1428 1867 contrario,
1458 1827 1534 1862 sive
1552 1839 1594 1863 ea·

197 1891 312 1925 altera
324 1894 451 1935 μανία,-
484 1899 520 1923 v·
537 1888 720 1923 Handium
738 1887 782 1922 de
792 1887 942 1922 Particc.
959 1887 1052 1922 Latt.
1074 1886 1151 1920 Vol.
1170 1886 1213 1922 11.
1233 1898 1267 1930 p.
1287 1886 1369 1922 111.
1391 1888 1437 1930 ΙΙ,
1457 1889 1491 1924 1.
1510 1891 1592 1925 coll.

196 1963 231 1998 p.
254 1951 336 1986 122.
361 1950 396 1986 3.
421 1969 464 1976 -
488 1949 724 1995 Βερειίαπᾶσ,
754 1949 847 1993 quod
867 1947 1015 1992 plurimi
1032 1946 1195 1981 viderunt
1217 1947 1499 1994 coniungendam
1517 1962 1594 1986 esse

198 2024 280 2048 cum
310 2012 488 2053 invenies,
520 2011 627 2045 iidem
647 2009 799 2044 mirifice
825 2012 1001 2043 commate
1019 2009 1065 2043 ab
1081 2019 1124 2042 eo
1143 2008 1386 2046 distinxerunt.
1430 2012 1594 2048 Ceterum

196 2086 268 2110 uon
288 2085 369 2108 cum
396 2072 590 2108 Gerlachio
616 2069 868 2116 explicaverim
900 2080 949 2103 re
973 2069 1172 2105 accuratius
1196 2070 1489 2117 examinata,
1531 2074 1593 2108 sed

196 2136 329 2183 potius,
351 2135 383 2170 si
405 2139 570 2170 accurate
593 2134 748 2179 cogitem
770 2131 859 2166 illud
885 2130 978 2164 enim
1004 2141 1219 2175 quamquam
1236 2142 1340 2166 sensu
1363 2143 1433 2167 non
1457 2135 1595 2168 malum

197 2201 272 2242 est,
297 2200 413 2232 tamen
433 2207 456 2231 a
472 2195 634 2241 gerundii
655 2196 830 2240 potestate
847 2192 953 2227 nimis
966 2196 1020 2227 est
1038 2192 1206 2229 alienum.
1228 2212 1276 2220 ·—-
1301 2194 1480 2239 Invenies,
1501 2195 1596 2239 quod

198 2259 385 2295 minimum
402 2256 550 2303 triginta
563 2254 663 2289 codd.
682 2257 818 2295 tenent,
850 2252 1047 2298 recepimus
1063 2265 1128 2299 pro
1145 2254 1294 2300 vulgato
1311 2253 1490 2299 invenias,
1513 2256 1596 2291 licet

198 2322 270 2357 hoc
295 2318 414 2355 cortic
439 2317 654 2364 elegantius,
690 2314 884 2350 Gerlachio
913 2313 959 2350 ad
983 2314 1054 2349 vim
1081 2315 1275 2350 sententiae
1299 2316 1595 2351 accommodatius

201 2381 373 2418 videatur.
418 2379 473 2414 De
490 2377 667 2425 elegantia
682 2380 803 2418 taceo;
827 2375 889 2410 sed
903 2376 1093 2411 sententiae
1114 2376 1306 2422 gravitati,
1330 2376 1361 2412 si
1379 2377 1463 2421 quid
1479 2377 1594 2419 video,

200 2446 361 2480 futurum
377 2441 479 2476 unice
492 2439 664 2476 convenit.
710 2437 900 2473 Sallustius
918 2436 1029 2479 enim,
1063 2437 1186 2472 iudicii
1207 2437 1262 2472 sui
1277 2440 1411 2478 certus,
1441 2447 1510 2471 uon
1524 2431 1595 2472 hoc

201 2505 306 2541 dicit:
330 2504 362 2539 εἰ
384 2503 460 2549 quis
481 2505 641 2546 reputet,
657 2499 781 2543 fieri
800 2509 934 2543 posse
947 2522 960 2540 ‚
982 2502 1021 2533 ut
1044 2497 1220 2538 inveniat,
1242 2497 1304 2532 sed
1323 2496 1485 2543 graviter
1500 2507 1594 2532 asse-

202 2569 306 2601 verat
326 2566 536 2612 profecto
567 2573 646 2598 eum
666 2561 898 2596 inventurum.
944 2559 1162 2605 Legitimum
1186 2560 1306 2603 autem
1332 2569 1408 2592 esse
1433 2558 1594 2592 futurum

202 2629 240 2664 in
255 2625 499 2662 consecutione
521 2622 795 2668 etnconclusionc
812 2621 875 2656 ubi
896 2625 992 2656 certa
1020 2619 1228 2665 proponitur
1252 2618 1445 2661 sententia,
1481 2619 1517 2652 et
1533 2629 1595 2661 per

203 2701 242 2725 so
261 2691 356 2734 patet
371 2686 481 2722 futuri
499 2671 772 2731 potestate'cum
792 2683 986 2728 praesentis
1009 2680 1230 2716 coniunctivo
1247 2679 1398 2721 collata,
1427 2681 1463 2712 et
1479 2682 1594 2712 osten-

204 2751 258 2786 dit
282 2749 369 2785 satis
390 2749 553 2792 frequens
569 2746 778 2791 scriptorum
796 2756 896 2785 usus3
933 2744 981 2779 cf.
1000 2744 1171 2779 Goerenz.
1189 2742 1234 2777 ad
1252 2740 1326 2776 Cic.
1351 2740 1396 2775 de
1411 2738 1515 2773 Finn.
1530 2738 1594 2781 111,

204 2810 242 2855 8,
260 2809 319 2849 28.
341 2821 375 2857 p.
391 2808 473 2846 316.
506 2807 587 2844 Cur.
617 2805 732 2843 Beier.
753 2804 799 2841 ad
820 2804 892 2840 Off.
913 2805 949 2850 1,
970 2803 1031 2847 3⁰,
1051 2803 1132 2840 1⁰6.
1155 2814 1191 2848 p.
1208 2800 1292 2837 236.
1314 2800 1346 2837 εἰ
1373 2799 1595 2835 considerare
