1716 2996
239 190 325 230 ooo
498 184 504 192 ·
554 240 561 250 „
597 175 1017 229 'e.SA1.1.UST1
1047 185 1274 232 cmsrl

200 301 375 353 :tuendi
420 301 646 346 licentiam
690 303 800 362 ipsis
836 304 1073 364 permittit.
1142 304 1213 349 llli
1254 310 1428 351 mature
1465 308 1526 354 ad
1559 309 1633 355 hi-

239 401 381 444 berna
415 400 727 443 Romanorum
760 401 1132 460 proficiscuntur3
1176 400 1366 452 deindes
1388 405 1434 449 in
1479 405 1633 452 itinere

239 513 269 541 a
304 495 508 541 Gaetulis
543 496 785 541 latronibus
822 498 1110 542 circumventi
1143 500 1433 560 spoliatique,
1467 496 1636 563 pavidi,

240 595 336 639 sine
383 593 550 638 decore
595 594 654 639 ad
690 595 865 640 Sullam
901 596 1194 656 perfugiunt,
1231 605 1368 658 quem
1403 601 1556 645 consul
1589 580 1635 646 in

239 690 573 752 expeditionem
627 692 916 753 proficiscens
972 708 1062 755 pro
1117 700 1331 755 praetore
1379 698 1634 757 reliquerat.

237 841 322 885 pida
344 840 381 875 in
405 840 573 886 periculis
595 843 630 875 et
655 840 815 876 sollertia
837 839 875 874 in
898 840 1003 875 rebus
1025 842 1250 887 gravioribus
1273 843 1549 891 difficilibusque
1574 858 1635 882 ex-

237 902 439 947 pediendis;
468 902 515 937 cf.
539 913 569 935 c.
595 902 654 944 v1,
678 902 712 938 l.

330 964 363 1005 §.
385 961 420 996 3.
445 966 481 997 et
503 961 537 996 4.
573 962 725 1007 deinde]
756 964 949 1008 Perperam
973 963 1111 998 Cottius
1134 968 1170 1000 et
1193 965 1404 1000 Gerlachins
1423 966 1636 1012 scripserunt

237 1023 344 1066 dein,
379 1023 474 1067 quod
509 1035 531 1059 a
563 1023 672 1058 Rivio
707 1036 750 1058 ex
782 1025 982 1060 coniectura
1013 1025 1167 1070 positum
1199 1029 1264 1070 est,
1287 1026 1406 1061 sedin
1429 1027 1530 1062 nullo
1554 1028 1631 1065 eod.

236 1088 364 1119 exstat.
388 1103 435 1109 -—
460 1085 569 1129 Ipsis,
594 1097 660 1130 pro
683 1092 752 1130 quo
776 1086 813 1120 in
837 1085 958 1130 paucis
979 1086 1082 1120 libris
1113 1090 1164 1121 est
1193 1087 1286 1128 illis,
1316 1087 1353 1120 in
1384 1087 1498 1124 tribus
1530 1089 1635 1133 plane

235 1146 343 1182 deest.
383 1145 523 1180 cca-tius
544 1145 674 1187 omisit,
697 1147 790 1190 quod
814 1147 946 1180 factum
972 1147 1181 1182 Gerlachius
1204 1147 1240 1182 in
1264 1149 1472 1184 Commentt.
1494 1161 1528 1194 p.
1551 1149 1632 1184 33⁰.

233 1208 329 1243 haud
354 1208 506 1242 multum
530 1208 630 1242 abest
660 1207 745 1251 quin
780 1208 929 1252 probet,
953 1219 1167 1252 quamquam
1191 1209 1229 1244 in
1253 1213 1405 1254 utraque
1428 1210 1482 1244 ed.
1504 1222 1632 1255 prono-

235 1280 317 1303 men
342 1269 498 1305 retinuit.
530 1288 577 1294 —-
613 1269 748 1302 Deinde
777 1269 815 1302 in
846 1269 1106 1314 itinereslonge
1134 1270 1279 1313 plurimi
1303 1274 1419 1305 tenent
1441 1271 1541 1308 codd.
1590 1272 1634 1306 In
1700 1274 1702 1278 '

233 1330 450 1375 praepositio
474 1329 510 1364 in
534 1330 645 1364 Coi-tii
670 1333 766 1364 textu
792 1340 878 1363 casu
902 1328 1072 1363 excidisse
1104 1329 1262 1373 videtur,
1294 1342 1402 1375 quum
1426 1331 1463 1365 in
1486 1334 1633 1368 annota-

234 1391 330 1428 tione
352 1391 443 1425 nihil
466 1391 511 1425 de
533 1391 609 1426 eius
633 1391 772 1426 defectu
795 1390 931 1424 dixerit.
989 1390 1082 1424 Eam
1106 1390 1289 1426 revocavit
1316 1392 1549 1435 Gen-luchina,
1571 1394 1632 1427 sed

232 1453 362 1488 deinde
385 1464 455 1487 non
479 1452 606 1487 idonea
629 1451 729 1486 codd.
752 1452 822 1485 fide
844 1451 879 1485 in
904 1451 985 1485 (lein
1008 1450 1169 1486 mutavit.
1208 1452 1398 1487 Praeterea
1420 1452 1456 1486 in
1478 1454 1632 1488 nonnul-

156 1532 157 1535 *
231 1513 280 1548 lis
313 1513 416 1548 codd.
450 1518 485 1548 et
513 1513 592 1548 edd.
628 1512 759 1557 antiqq.
790 1511 929 1546 inverso
960 1511 1082 1546 ordine
1110 1512 1244 1557 legitur
1270 1514 1397 1548 deinde
1421 1526 1444 1548 a
1470 1515 1630 1551 Gaetulia

236 1576 320 1610 latr.
358 1575 398 1610 in
427 1575 574 1616 itinere,
610 1586 715 1619 quem
742 1573 900 1608 ordinem
932 1572 1088 1607 Weisius
1114 1573 1266 1618 repetiit.
1308 1593 1351 1600 —
1400 1576 1632 1612 Circumventz‘

231 1637 325 1681 expl.
351 1636 396 1671 ad
420 1647 452 1672 c.
475 1636 516 1678 L,
541 1635 576 1670 6.
608 1656 656 1662 -
695 1636 929 1681 Bersugiunt,
959 1634 1053 1681 quod
1078 1637 1195 1670 tenent
1217 1634 1353 1679 aliquot
1376 1636 1518 1681 Palam,
1541 1628 1630 1672 unns

232 1697 353 1733 Guelf.
376 1696 473 1732 Leia.
498 1696 541 1736 N.
564 1698 683 1732 Berol.
708 1697 742 1731 1.
765 1700 801 1731 et
833 1697 966 1740 Goerl„
1005 1695 1166 1730 Cortium
1188 1700 1283 1731 recte
1304 1697 1484 1742 scripsisse
1511 1709 1630 1733 cense-

231 1771 323 1803 mus,
347 1759 530 1803 repudiata
552 1756 787 1802 plurimorum
812 1759 986 1793 librorum
1009 1757 1183 1801 scriptura
1203 1757 1428 1803 profugiunt,
1452 1770 1542 1804 quae
1565 1771 1629 1794 cur

230 1821 317 1856 hnic
339 1821 418 1855 loco
442 1831 510 1854 non
537 1817 737 1860 conveniat,
762 1817 867 1852 facile
898 1816 1107 1863 intelligitur
1130 1830 1174 1853 ex
1197 1822 1352 1854 annotat.
1376 1820 1422 1854 ad
1445 1821 1519 1855 eat.
1539 1821 1628 1864 mv,

231 1881 291 1925 3.;
315 1885 412 1926 putet
437 1880 530 1915 enim
555 1880 701 1915 Mauros
724 1879 767 1914 ad
792 1877 932 1912 Sullam
954 1878 1070 1922 ivisse,
1098 1885 1138 1915 ut
1161 1880 1234 1916 eius
1257 1881 1389 1915 tutelae
1411 1892 1448 1916 ee
1471 1882 1628 1917 commit-

231 1948 357 1978 terent.
382 1943 422 1977 In
445 1941 526 1977 aliis
549 1940 608 1975 sed
630 1938 752 1984 paucis
777 1940 877 1974 codd.
903 1943 955 1974 est
976 1946 1143 1986 pergunt,
1166 1942 1385 1986 perveniunt,
1409 1942 1626 1985 conveniunt,
1698 1975 1703 1978 ,

227 2004 459 2050 proveniunt,
492 2012 585 2047 quae
617 1999 738 2034 omnia
769 2012 811 2034 cx
843 2001 1110 2045 interpolatione
1139 2006 1222 2037 nata
1253 2003 1299 2037 ab
1327 2002 1628 2051 sententiaxhuius

229 2064 301 2099 loci
324 2064 442 2099 aliena
464 2066 556 2105 sunt.
614 2061 828 2107 Gerlachius
859 2062 896 2095 in
927 2066 1076 2106 utraque
1099 2064 1153 2098 ed.
1178 2063 1316 2109 scripsit
1334 2063 1556 2110 profugiunt.
1579 2083 1626 2089 —

232 2126 342 2169 Quem
363 2137 443 2170 pro
462 2128 684 2170 praetore
707 2124 898 2168 reliquerat
920 2135 988 2159 non
1007 2128 1078 2175 Ιθείς
1103 2135 1206 2168 quem
1231 2124 1422 2169 reliquerat
1444 2125 1519 2159 veri
1538 2136 1626 2170 pro·

225 2188 401 2232 praetoris
440 2197 582 2221 munere
624 2185 826 2229 praeditum
863 2197 970 2231 eoque
1000 2188 1213 2231 fungentem
1256 2185 1365 2229 (nam
1409 2191 1626 2231 quaestorem

227 2248 337 2283 fuisse
360 2248 498 2283 Sullam
520 2245 642 2282 statim
666 2249 743 2290 post
770 2244 898 2280 dicitur
931 2247 964 2288 §.
987 2245 1022 2280 7.
1047 2250 1082 2281 et
1104 2257 1211 2290 supra
1233 2246 1364 2281 dictum
1386 2250 1440 2281 ost
1463 2258 1495 2281 c.
1520 2246 1625 2290 XCV,

227 2308 294 2355 1.)‚
318 2310 397 2344 sed:
422 2321 549 2354 quem,
583 2298 668 2342 dum
691 2307 764 2352 ipse
789 2307 944 2348 abesset,
967 2307 1207 2352 propraetoris
1231 2308 1302 2342 loco
1326 2319 1437 2354 agere
1460 2304 1622 2349 iusserat,

153 2374 156 2375 ⁷
228 2371 350 2416 cuique
374 2371 553 2415 imperium
581 2369 798 2415 praetorium
823 2369 1043 2413 permiserat.
1102 2368 1238 2402 Eodem
1263 2369 1370 2403 modo
1397 2368 1624 2414 intelligenda

226 2436 309 2468 nunt
329 2432 438 2466 verba
462 2443 492 2464 c.
517 2431 681 2473 xxxvl,
705 2430 740 2467 4.
773 2431 931 2472 Albinus,
956 2430 1044 2463 Aulo
1061 2431 1181 2473 fratre
1205 2430 1243 2463 in
1266 2430 1389 2463 castris
1408 2439 1623 2473 proprae-

228 2499 331 2529 tore
353 2493 493 2534 relicto,
520 2493 668 2527 Romam
693 2492 853 2527 decessit.
900 2491 1011 2526 Aulus
1035 2489 1128 2524 enim
1157 2491 1297 2535 legatus
1324 2489 1411 2531 fuit,
1435 2491 1474 2522 ut
1495 2499 1621 2524 narra—

226 2559 286 2590 tur
309 2567 338 2591 c.
362 2554 564 2596 xxxvm,
588 2555 623 2588 1.
658 2565 691 2588 v.
718 2552 882 2588 Creuzeri
906 2552 1045 2596 Antiqq.
1069 2552 1211 2585 Romm.
1237 2553 1271 2593 §.
1295 2549 1374 2584 183.
1398 2561 1434 2594 p.
1459 2548 1540 2583 279.
1565 2548 1620 2584 ed.

226 2616 272 2652 11.
298 2616 380 2651 coll.
406 2619 522 2651 annot.
548 2615 594 2650 ad
617 2614 723 2650 Catil.
745 2627 776 2648 c.
801 2615 896 2656 xlx,
919 2613 953 2648 1.
980 2625 1012 2657 p.
1037 2611 1094 2646 91.
1126 2630 1173 2637 —
1204 2610 1378 2655 Deinceps
1402 2610 1556 2645 Weieiue
1579 2621 1622 2645 ex

228 2677 308 2712 edd.
333 2673 465 2721 antiqq.
490 2675 584 2718 suis,
617 2674 740 2719 quovis
761 2673 1070 2718 interpolationum
1092 2682 1222 2717 genere
1245 2670 1452 2715 inquinatis,
1481 2669 1622 2716 scripsit

225 2742 454 2783 propraetore
485 2737 533 2772 in
564 2736 737 2771 caetris
767 2735 886 2780 reliq„
917 2744 988 2778 qna
1018 2734 1135 2778 glossa
1157 2733 1263 2777 longe
1285 2731 1430 2776 plurimi
1454 2731 1537 2765 libri
1559 2741 1621 2765 ca-

229 2802 318 2833 rent.
364 2798 483 2834 Habet
516 2801 634 2834 tamen
665 2795 890 2832 acuti-simus
915 2793 1078 2837 criticus,
1109 2804 1179 2839 quo
1201 2793 1413 2839 scripturam
1435 2791 1620 2833 defendam
