<?xml version="1.0" encoding="UTF-8"?>
<!DOCTYPE html PUBLIC "-//W3C//DTD XHTML 1.0 Transitional//EN"
    "http://www.w3.org/TR/xhtml1/DTD/xhtml1-transitional.dtd">
<html xmlns="http://www.w3.org/1999/xhtml" xml:lang="en" lang="en">
 <head>
  <title>
</title>
<meta http-equiv="Content-Type" content="text/html;charset=utf-8" />
  <meta name='ocr-system' content='tesseract 3.04.00' />
  <meta name='ocr-capabilities' content='ocr_page ocr_carea ocr_par ocr_line ocrx_word'/>
</head>
<body>
  <div class='ocr_page' id='page_1' title='image "./operaquaesupersu02salluoft_0672.png"; bbox 0 0 1716 2996; ppageno 0'>
   <div class='ocr_carea' id='block_1_1' title="bbox 249 116 1026 162">
    <p class='ocr_par' dir='ltr' id='par_1_1' title="bbox 249 116 1026 162">
     <span class='ocr_line' id='line_1_1' title="bbox 249 116 1026 162; baseline -0.005 0"><span class='ocrx_word' id='word_1_1' title='bbox 249 121 306 162; x_wconf 83' lang='lat'><strong>42</strong></span> <span class='ocrx_word' id='word_1_2' title='bbox 851 116 1026 159; x_wconf 80' lang='lat' dir='ltr'><strong>INDEX</strong></span> 
     </span>
    </p>
   </div>
   <div class='ocr_carea' id='block_1_2' title="bbox 248 227 1639 735">
    <p class='ocr_par' dir='ltr' id='par_1_2' title="bbox 251 227 1396 275">
     <span class='ocr_line' id='line_1_2' title="bbox 251 227 1396 275; baseline -0.001 -9"><span class='ocrx_word' id='word_1_3' title='bbox 251 233 294 266; x_wconf 87' lang='lat' dir='ltr'><strong>In</strong></span> <span class='ocrx_word' id='word_1_4' title='bbox 317 243 349 267; x_wconf 84' lang='lat' dir='ltr'><strong>c.</strong></span> <span class='ocrx_word' id='word_1_5' title='bbox 373 230 480 266; x_wconf 76' lang='lat' dir='ltr'><strong>ahiat.</strong></span> <span class='ocrx_word' id='word_1_6' title='bbox 505 228 681 275; x_wconf 77' lang='lat' dir='ltr'><strong>significat</strong></span> <span class='ocrx_word' id='word_1_7' title='bbox 704 229 796 274; x_wconf 76' lang='lat' dir='ltr'><strong>qnod</strong></span> <span class='ocrx_word' id='word_1_8' title='bbox 818 229 960 273; x_wconf 76' lang='lat' dir='ltr'><strong><em>attinet,</em></strong></span> <span class='ocrx_word' id='word_1_9' title='bbox 981 229 1019 264; x_wconf 88' lang='lat' dir='ltr'><strong>C.</strong></span> <span class='ocrx_word' id='word_1_10' title='bbox 1043 227 1101 271; x_wconf 83' lang='lat'><strong>51,</strong></span> <span class='ocrx_word' id='word_1_11' title='bbox 1123 229 1182 265; x_wconf 79' lang='lat'><strong>35.</strong></span> <span class='ocrx_word' id='word_1_12' title='bbox 1226 229 1254 265; x_wconf 90' lang='grc' dir='ltr'><strong>Ι.</strong></span> <span class='ocrx_word' id='word_1_13' title='bbox 1275 227 1341 272; x_wconf 73' lang='grc'><strong>73,</strong></span> <span class='ocrx_word' id='word_1_14' title='bbox 1358 229 1396 265; x_wconf 83' lang='lat'><strong>4.</strong></span> 
     </span>
    </p>

    <p class='ocr_par' dir='ltr' id='par_1_3' title="bbox 252 285 1542 334">
     <span class='ocr_line' id='line_1_3' title="bbox 252 285 1542 334; baseline -0.002 -10"><span class='ocrx_word' id='word_1_15' title='bbox 252 291 293 324; x_wconf 86' lang='lat' dir='ltr'><strong>In</strong></span> <span class='ocrx_word' id='word_1_16' title='bbox 316 301 347 325; x_wconf 89' lang='lat' dir='ltr'><strong>c.</strong></span> <span class='ocrx_word' id='word_1_17' title='bbox 366 290 475 324; x_wconf 76' lang='lat' dir='ltr'><strong>ablat.</strong></span> <span class='ocrx_word' id='word_1_18' title='bbox 499 288 637 332; x_wconf 82' lang='lat' dir='ltr'><strong>quando</strong></span> <span class='ocrx_word' id='word_1_19' title='bbox 670 286 777 321; x_wconf 84' lang='lat' dir='ltr'><strong>etiam</strong></span> <span class='ocrx_word' id='word_1_20' title='bbox 811 298 878 330; x_wconf 80' lang='lat' dir='ltr'><strong>pro</strong></span> <span class='ocrx_word' id='word_1_21' title='bbox 913 287 1111 322; x_wconf 73' lang='lat' dir='ltr'><strong>accusativo</strong></span> <span class='ocrx_word' id='word_1_22' title='bbox 1134 287 1216 334; x_wconf 79' lang='lat' dir='ltr'><strong>poni</strong></span> <span class='ocrx_word' id='word_1_23' title='bbox 1239 288 1368 333; x_wconf 70' lang='lat' dir='ltr'><strong>possit,</strong></span> <span class='ocrx_word' id='word_1_24' title='bbox 1391 286 1430 323; x_wconf 82' lang='lat' dir='ltr'><strong>C.</strong></span> <span class='ocrx_word' id='word_1_25' title='bbox 1450 285 1487 330; x_wconf 80' lang='grc'><strong>9,</strong></span> <span class='ocrx_word' id='word_1_26' title='bbox 1506 286 1542 322; x_wconf 81' lang='grc'><strong>2.</strong></span> 
     </span>
    </p>

    <p class='ocr_par' dir='ltr' id='par_1_4' title="bbox 250 343 1300 390">
     <span class='ocr_line' id='line_1_4' title="bbox 250 343 1300 390; baseline -0.002 -8"><span class='ocrx_word' id='word_1_27' title='bbox 250 349 291 382; x_wconf 85' lang='lat' dir='ltr'><strong>In</strong></span> <span class='ocrx_word' id='word_1_28' title='bbox 314 360 346 383; x_wconf 87' lang='lat' dir='ltr'><strong>c.</strong></span> <span class='ocrx_word' id='word_1_29' title='bbox 369 348 477 383; x_wconf 78' lang='lat' dir='ltr'><strong>ablat.</strong></span> <span class='ocrx_word' id='word_1_30' title='bbox 500 347 526 381; x_wconf 87' lang='lat' dir='ltr'><strong>i.</strong></span> <span class='ocrx_word' id='word_1_31' title='bbox 553 357 586 390; x_wconf 86' lang='lat' dir='ltr'><strong>q.</strong></span> <span class='ocrx_word' id='word_1_32' title='bbox 609 346 719 385; x_wconf 72' lang='lat' dir='ltr'><strong>intra.</strong></span> <span class='ocrx_word' id='word_1_33' title='bbox 741 344 778 377; x_wconf 88' lang='lat' dir='ltr'><strong>G.</strong></span> <span class='ocrx_word' id='word_1_34' title='bbox 802 343 862 387; x_wconf 69' lang='lat'><strong>48,</strong></span> <span class='ocrx_word' id='word_1_35' title='bbox 885 344 919 379; x_wconf 90' lang='grc'><strong>5.</strong></span> <span class='ocrx_word' id='word_1_36' title='bbox 967 346 994 380; x_wconf 87' lang='grc' dir='ltr'><strong>Ι.</strong></span> <span class='ocrx_word' id='word_1_37' title='bbox 1017 344 1078 387; x_wconf 86' lang='grc'><strong>28,</strong></span> <span class='ocrx_word' id='word_1_38' title='bbox 1099 343 1134 379; x_wconf 82' lang='lat'><strong>2.</strong></span> <span class='ocrx_word' id='word_1_39' title='bbox 1181 344 1240 387; x_wconf 85' lang='grc'><strong>96,</strong></span> <span class='ocrx_word' id='word_1_40' title='bbox 1266 345 1300 379; x_wconf 92' lang='grc'><strong>1.</strong></span> 
     </span>
    </p>

    <p class='ocr_par' dir='ltr' id='par_1_5' title="bbox 250 401 1636 504">
     <span class='ocr_line' id='line_1_5' title="bbox 250 401 1636 448; baseline -0.002 -9"><span class='ocrx_word' id='word_1_41' title='bbox 250 407 290 440; x_wconf 86' lang='grc' dir='ltr'><strong>1η</strong></span> <span class='ocrx_word' id='word_1_42' title='bbox 314 418 345 440; x_wconf 93' lang='lat' dir='ltr'><strong>c.</strong></span> <span class='ocrx_word' id='word_1_43' title='bbox 370 406 478 440; x_wconf 81' lang='lat' dir='ltr'><strong>ablat.</strong></span> <span class='ocrx_word' id='word_1_44' title='bbox 504 403 643 448; x_wconf 77' lang='lat' dir='ltr'><strong>quando</strong></span> <span class='ocrx_word' id='word_1_45' title='bbox 665 401 849 436; x_wconf 76' lang='lat' dir='ltr'><strong>vocabulis</strong></span> <span class='ocrx_word' id='word_1_46' title='bbox 871 403 956 446; x_wconf 78' lang='lat' dir='ltr'><strong>dies,</strong></span> <span class='ocrx_word' id='word_1_47' title='bbox 981 408 1135 448; x_wconf 78' lang='lat' dir='ltr'><strong>tempus,</strong></span> <span class='ocrx_word' id='word_1_48' title='bbox 1159 415 1282 446; x_wconf 77' lang='lat' dir='ltr'><strong>annus,</strong></span> <span class='ocrx_word' id='word_1_49' title='bbox 1303 408 1418 444; x_wconf 77' lang='lat' dir='ltr'><strong>aetus,</strong></span> <span class='ocrx_word' id='word_1_50' title='bbox 1440 406 1636 448; x_wconf 71' lang='lat' dir='ltr'><strong>tempestas,</strong></span> 
     </span>
     <span class='ocr_line' id='line_1_6' title="bbox 339 459 1120 504; baseline -0.003 -8"><span class='ocrx_word' id='word_1_51' title='bbox 339 463 433 503; x_wconf 78' lang='lat' dir='ltr'><strong>aliie,</strong></span> <span class='ocrx_word' id='word_1_52' title='bbox 455 460 561 496; x_wconf 83' lang='lat' dir='ltr'><strong>adiici</strong></span> <span class='ocrx_word' id='word_1_53' title='bbox 583 459 702 504; x_wconf 71' lang='lat' dir='ltr'><strong>possit,</strong></span> <span class='ocrx_word' id='word_1_54' title='bbox 725 460 764 493; x_wconf 88' lang='lat' dir='ltr'><strong>C.</strong></span> <span class='ocrx_word' id='word_1_55' title='bbox 790 459 848 502; x_wconf 74' lang='lat'><strong>48,</strong></span> <span class='ocrx_word' id='word_1_56' title='bbox 871 459 905 494; x_wconf 79' lang='lat'><strong>5.</strong></span> <span class='ocrx_word' id='word_1_57' title='bbox 953 461 980 494; x_wconf 92' lang='grc' dir='ltr'><strong>Ι.</strong></span> <span class='ocrx_word' id='word_1_58' title='bbox 1005 459 1064 504; x_wconf 86' lang='grc'><strong>66,</strong></span> <span class='ocrx_word' id='word_1_59' title='bbox 1086 460 1120 494; x_wconf 84' lang='grc'><strong>3.</strong></span> 
     </span>
    </p>

    <p class='ocr_par' dir='ltr' id='par_1_6' title="bbox 248 515 1431 563">
     <span class='ocr_line' id='line_1_7' title="bbox 248 515 1431 563; baseline -0.005 -7"><span class='ocrx_word' id='word_1_60' title='bbox 248 522 288 556; x_wconf 85' lang='lat' dir='ltr'><strong>In</strong></span> <span class='ocrx_word' id='word_1_61' title='bbox 311 531 395 555; x_wconf 89' lang='lat' dir='ltr'><strong>cum</strong></span> <span class='ocrx_word' id='word_1_62' title='bbox 417 518 619 557; x_wconf 75' lang='lat' dir='ltr'><strong>accusativo</strong></span> <span class='ocrx_word' id='word_1_63' title='bbox 642 517 827 551; x_wconf 69' lang='lat' dir='ltr'><strong>consilium</strong></span> <span class='ocrx_word' id='word_1_64' title='bbox 851 520 886 551; x_wconf 84' lang='lat' dir='ltr'><strong>et</strong></span> <span class='ocrx_word' id='word_1_65' title='bbox 907 518 1014 552; x_wconf 84' lang='lat' dir='ltr'><strong>finem</strong></span> <span class='ocrx_word' id='word_1_66' title='bbox 1036 518 1226 563; x_wconf 76' lang='lat' dir='ltr'><strong>significat,</strong></span> <span class='ocrx_word' id='word_1_67' title='bbox 1249 517 1290 553; x_wconf 86' lang='lat' dir='ltr'><strong>C.</strong></span> <span class='ocrx_word' id='word_1_68' title='bbox 1314 515 1373 559; x_wconf 81' lang='grc'><strong>59,</strong></span> <span class='ocrx_word' id='word_1_69' title='bbox 1396 517 1431 551; x_wconf 89' lang='grc'><strong>2.</strong></span> 
     </span>
    </p>

    <p class='ocr_par' dir='ltr' id='par_1_7' title="bbox 250 563 1639 678">
     <span class='ocr_line' id='line_1_8' title="bbox 250 563 1639 619; baseline -0.004 -6"><span class='ocrx_word' id='word_1_70' title='bbox 250 580 290 613; x_wconf 90' lang='lat' dir='ltr'><strong>In</strong></span> <span class='ocrx_word' id='word_1_71' title='bbox 313 590 343 613; x_wconf 86' lang='lat' dir='ltr'><strong>c.</strong></span> <span class='ocrx_word' id='word_1_72' title='bbox 368 588 484 612; x_wconf 77' lang='lat' dir='ltr'><strong>accus.</strong></span> <span class='ocrx_word' id='word_1_73' title='bbox 508 588 552 611; x_wconf 86' lang='lat' dir='ltr'><strong>ex</strong></span> <span class='ocrx_word' id='word_1_74' title='bbox 575 574 693 609; x_wconf 75' lang='lat' dir='ltr'><strong>verbis</strong></span> <span class='ocrx_word' id='word_1_75' title='bbox 715 576 848 617; x_wconf 82' lang='lat' dir='ltr'><strong>ducere,</strong></span> <span class='ocrx_word' id='word_1_76' title='bbox 871 576 1023 619; x_wconf 79' lang='lat' dir='ltr'><strong>trahere,</strong></span> <span class='ocrx_word' id='word_1_77' title='bbox 1046 580 1180 611; x_wconf 82' lang='lat' dir='ltr'><strong>vertere</strong></span> <span class='ocrx_word' id='word_1_78' title='bbox 1203 575 1353 619; x_wconf 72' lang='lat' dir='ltr'><strong>pendens</strong></span> <span class='ocrx_word' id='word_1_79' title='bbox 1370 563 1639 610; x_wconf 67' lang='lat' dir='ltr'><strong>similitudidem</strong></span> 
     </span>
     <span class='ocr_line' id='line_1_9' title="bbox 342 632 711 678; baseline -0.008 -9"><span class='ocrx_word' id='word_1_80' title='bbox 342 636 495 678; x_wconf 78' lang='lat' dir='ltr'><strong>denotat,</strong></span> <span class='ocrx_word' id='word_1_81' title='bbox 519 635 546 669; x_wconf 89' lang='lat'><strong>1.</strong></span> <span class='ocrx_word' id='word_1_82' title='bbox 570 632 629 672; x_wconf 87' lang='grc'><strong>85,</strong></span> <span class='ocrx_word' id='word_1_83' title='bbox 653 632 711 667; x_wconf 96' lang='grc'><strong>26.</strong></span> 
     </span>
    </p>

    <p class='ocr_par' dir='ltr' id='par_1_8' title="bbox 249 688 1476 735">
     <span class='ocr_line' id='line_1_10' title="bbox 249 688 1476 735; baseline -0.003 -6"><span class='ocrx_word' id='word_1_84' title='bbox 249 696 292 729; x_wconf 89' lang='lat' dir='ltr'><strong>In</strong></span> <span class='ocrx_word' id='word_1_85' title='bbox 317 706 348 729; x_wconf 89' lang='lat' dir='ltr'><strong>c.</strong></span> <span class='ocrx_word' id='word_1_86' title='bbox 370 704 486 728; x_wconf 78' lang='lat' dir='ltr'><strong>accus.</strong></span> <span class='ocrx_word' id='word_1_87' title='bbox 510 704 552 726; x_wconf 83' lang='lat' dir='ltr'><strong>ex</strong></span> <span class='ocrx_word' id='word_1_88' title='bbox 574 700 761 735; x_wconf 78' lang='lat' dir='ltr'><strong>suppressa</strong></span> <span class='ocrx_word' id='word_1_89' title='bbox 782 688 996 734; x_wconf 69' lang='lat' dir='ltr'><strong>cogitatione</strong></span> <span class='ocrx_word' id='word_1_90' title='bbox 1018 690 1263 732; x_wconf 77' lang='lat' dir='ltr'><strong>repetendum,</strong></span> <span class='ocrx_word' id='word_1_91' title='bbox 1287 690 1314 724; x_wconf 77' lang='grc' dir='ltr'><strong>Ι.</strong></span> <span class='ocrx_word' id='word_1_92' title='bbox 1340 689 1421 732; x_wconf 86' lang='grc'><strong>112,</strong></span> <span class='ocrx_word' id='word_1_93' title='bbox 1441 689 1476 726; x_wconf 91' lang='grc'><strong>3.</strong></span> 
     </span>
    </p>
   </div>
   <div class='ocr_carea' id='block_1_3' title="bbox 250 745 1639 851">
    <p class='ocr_par' dir='ltr' id='par_1_9' title="bbox 250 745 1639 851">
     <span class='ocr_line' id='line_1_11' title="bbox 250 745 1639 793; baseline -0.004 -7"><span class='ocrx_word' id='word_1_94' title='bbox 250 753 291 787; x_wconf 88' lang='lat' dir='ltr'><strong>In</strong></span> <span class='ocrx_word' id='word_1_95' title='bbox 314 762 344 785; x_wconf 86' lang='lat' dir='ltr'><strong>c.</strong></span> <span class='ocrx_word' id='word_1_96' title='bbox 370 761 486 787; x_wconf 75' lang='lat' dir='ltr'><strong>accus.</strong></span> <span class='ocrx_word' id='word_1_97' title='bbox 515 760 584 783; x_wconf 87' lang='lat' dir='ltr'><strong>non</strong></span> <span class='ocrx_word' id='word_1_98' title='bbox 608 747 690 793; x_wconf 78' lang='lat' dir='ltr'><strong>poni</strong></span> <span class='ocrx_word' id='word_1_99' title='bbox 718 750 832 792; x_wconf 80' lang='lat' dir='ltr'><strong>potest</strong></span> <span class='ocrx_word' id='word_1_100' title='bbox 854 745 916 781; x_wconf 88' lang='lat' dir='ltr'><strong>ubi</strong></span> <span class='ocrx_word' id='word_1_101' title='bbox 937 746 1087 781; x_wconf 80' lang='lat' dir='ltr'><strong>verbum</strong></span> <span class='ocrx_word' id='word_1_102' title='bbox 1109 747 1369 784; x_wconf 72' lang='lat' dir='ltr'><strong>intransitivum</strong></span> <span class='ocrx_word' id='word_1_103' title='bbox 1391 748 1500 790; x_wconf 78' lang='lat' dir='ltr'><strong>adest,</strong></span> <span class='ocrx_word' id='word_1_104' title='bbox 1526 747 1564 782; x_wconf 82' lang='lat' dir='ltr'><strong>G.</strong></span> <span class='ocrx_word' id='word_1_105' title='bbox 1580 747 1639 791; x_wconf 92' lang='lat'><strong>11,</strong></span> 
     </span>
     <span class='ocr_line' id='line_1_12' title="bbox 339 806 563 851; baseline -0.009 -7"><span class='ocrx_word' id='word_1_106' title='bbox 339 808 375 844; x_wconf 88' lang='lat'><strong>5.</strong></span> <span class='ocrx_word' id='word_1_107' title='bbox 421 806 482 851; x_wconf 89' lang='lat'><strong>51,</strong></span> <span class='ocrx_word' id='word_1_108' title='bbox 505 808 563 842; x_wconf 85' lang='grc'><strong>36.</strong></span> 
     </span>
    </p>
   </div>
   <div class='ocr_carea' id='block_1_4' title="bbox 180 861 1640 912">
    <p class='ocr_par' dir='ltr' id='par_1_10' title="bbox 180 861 1640 912">
     <span class='ocr_line' id='line_1_13' title="bbox 180 861 1640 912; baseline -0.005 -10"><span class='ocrx_word' id='word_1_109' title='bbox 180 865 184 870; x_wconf 86' lang='grc'><strong>’</strong></span> <span class='ocrx_word' id='word_1_110' title='bbox 249 867 290 902; x_wconf 86' lang='lat' dir='ltr'><strong>In</strong></span> <span class='ocrx_word' id='word_1_111' title='bbox 316 878 382 912; x_wconf 79' lang='lat' dir='ltr'><strong>pro</strong></span> <span class='ocrx_word' id='word_1_112' title='bbox 405 865 536 909; x_wconf 81' lang='lat' dir='ltr'><strong>duplici</strong></span> <span class='ocrx_word' id='word_1_113' title='bbox 558 864 805 899; x_wconf 84' lang='lat' dir='ltr'><strong>nonnullorum</strong></span> <span class='ocrx_word' id='word_1_114' title='bbox 837 862 1029 896; x_wconf 82' lang='lat' dir='ltr'><strong>verborum</strong></span> <span class='ocrx_word' id='word_1_115' title='bbox 1052 861 1189 896; x_wconf 80' lang='lat' dir='ltr'><strong>ratione</strong></span> <span class='ocrx_word' id='word_1_116' title='bbox 1222 866 1258 898; x_wconf 81' lang='lat' dir='ltr'><strong>et</strong></span> <span class='ocrx_word' id='word_1_117' title='bbox 1280 874 1359 898; x_wconf 90' lang='lat' dir='ltr'><strong>cum</strong></span> <span class='ocrx_word' id='word_1_118' title='bbox 1384 862 1581 898; x_wconf 76' lang='lat' dir='ltr'><strong>accusativo</strong></span> <span class='ocrx_word' id='word_1_119' title='bbox 1605 865 1640 896; x_wconf 83' lang='lat' dir='ltr'><strong>et</strong></span> 
     </span>
    </p>
   </div>
   <div class='ocr_carea' id='block_1_5' title="bbox 247 917 1638 1778">
    <p class='ocr_par' dir='ltr' id='par_1_11' title="bbox 338 917 1638 1027">
     <span class='ocr_line' id='line_1_14' title="bbox 341 917 1638 966; baseline -0.005 -7"><span class='ocrx_word' id='word_1_120' title='bbox 341 936 424 959; x_wconf 91' lang='lat' dir='ltr'><strong>cum</strong></span> <span class='ocrx_word' id='word_1_121' title='bbox 447 923 604 959; x_wconf 81' lang='lat' dir='ltr'><strong>ablativo</strong></span> <span class='ocrx_word' id='word_1_122' title='bbox 625 920 793 966; x_wconf 86' lang='lat' dir='ltr'><strong>coniungi</strong></span> <span class='ocrx_word' id='word_1_123' title='bbox 823 922 959 964; x_wconf 76' lang='lat' dir='ltr'><strong>potest,</strong></span> <span class='ocrx_word' id='word_1_124' title='bbox 995 919 1036 954; x_wconf 87' lang='lat' dir='ltr'><strong>C.</strong></span> <span class='ocrx_word' id='word_1_125' title='bbox 1065 917 1132 963; x_wconf 89' lang='lat'><strong>51,</strong></span> <span class='ocrx_word' id='word_1_126' title='bbox 1163 921 1222 956; x_wconf 84' lang='lat'><strong>21.</strong></span> <span class='ocrx_word' id='word_1_127' title='bbox 1269 922 1296 956; x_wconf 97' lang='grc' dir='ltr'><strong>Ι.</strong></span> <span class='ocrx_word' id='word_1_128' title='bbox 1328 921 1392 964; x_wconf 94' lang='grc'><strong>17,</strong></span> <span class='ocrx_word' id='word_1_129' title='bbox 1423 921 1460 956; x_wconf 94' lang='grc'><strong>3.</strong></span> <span class='ocrx_word' id='word_1_130' title='bbox 1505 919 1575 964; x_wconf 81' lang='grc'><strong>41,</strong></span> <span class='ocrx_word' id='word_1_131' title='bbox 1603 919 1638 956; x_wconf 91' lang='grc'><strong>6.</strong></span> 
     </span>
     <span class='ocr_line' id='line_1_15' title="bbox 338 982 480 1027; baseline 0.007 -10"><span class='ocrx_word' id='word_1_132' title='bbox 338 983 419 1027; x_wconf 90' lang='grc'><strong>111,</strong></span> <span class='ocrx_word' id='word_1_133' title='bbox 444 982 480 1018; x_wconf 95' lang='grc'><strong>1.</strong></span> 
     </span>
    </p>

    <p class='ocr_par' dir='ltr' id='par_1_12' title="bbox 248 1033 1196 1077">
     <span class='ocr_line' id='line_1_16' title="bbox 248 1033 1196 1077; baseline -0.007 -1"><span class='ocrx_word' id='word_1_134' title='bbox 248 1042 290 1076; x_wconf 85' lang='lat' dir='ltr'><strong>In</strong></span> <span class='ocrx_word' id='word_1_135' title='bbox 312 1053 381 1076; x_wconf 88' lang='lat' dir='ltr'><strong>uon</strong></span> <span class='ocrx_word' id='word_1_136' title='bbox 404 1039 563 1076; x_wconf 77' lang='lat' dir='ltr'><strong>additum</strong></span> <span class='ocrx_word' id='word_1_137' title='bbox 586 1037 776 1072; x_wconf 77' lang='lat' dir='ltr'><strong><em>insularum</em></strong></span> <span class='ocrx_word' id='word_1_138' title='bbox 799 1033 1009 1069; x_wconf 78' lang='lat' dir='ltr'><strong>accusativo.</strong></span> <span class='ocrx_word' id='word_1_139' title='bbox 1033 1033 1062 1068; x_wconf 91' lang='grc' dir='ltr'><strong>Ι.</strong></span> <span class='ocrx_word' id='word_1_140' title='bbox 1086 1033 1144 1077; x_wconf 88' lang='grc'><strong>28,</strong></span> <span class='ocrx_word' id='word_1_141' title='bbox 1162 1034 1196 1069; x_wconf 90' lang='grc'><strong>6.</strong></span> 
     </span>
    </p>

    <p class='ocr_par' dir='ltr' id='par_1_13' title="bbox 248 1092 1637 1197">
     <span class='ocr_line' id='line_1_17' title="bbox 248 1092 1637 1140; baseline -0.007 -7"><span class='ocrx_word' id='word_1_142' title='bbox 248 1099 289 1133; x_wconf 88' lang='lat' dir='ltr'><strong>1n</strong></span> <span class='ocrx_word' id='word_1_143' title='bbox 311 1109 382 1133; x_wconf 88' lang='lat' dir='ltr'><strong>non</strong></span> <span class='ocrx_word' id='word_1_144' title='bbox 406 1097 564 1132; x_wconf 81' lang='lat' dir='ltr'><strong>additum</strong></span> <span class='ocrx_word' id='word_1_145' title='bbox 588 1092 745 1128; x_wconf 77' lang='lat' dir='ltr'><strong>ablativo</strong></span> <span class='ocrx_word' id='word_1_146' title='bbox 767 1092 1022 1128; x_wconf 71' lang='lat' dir='ltr'><strong>adjectivorum</strong></span> <span class='ocrx_word' id='word_1_147' title='bbox 1044 1097 1157 1136; x_wconf 80' lang='lat' dir='ltr'><strong>totns,</strong></span> <span class='ocrx_word' id='word_1_148' title='bbox 1193 1096 1352 1137; x_wconf 73' lang='lat' dir='ltr'><strong>cunctus,</strong></span> <span class='ocrx_word' id='word_1_149' title='bbox 1379 1095 1580 1140; x_wconf 68' lang='lat' dir='ltr'><strong>plerusque,</strong></span> <span class='ocrx_word' id='word_1_150' title='bbox 1608 1092 1637 1127; x_wconf 83' lang='grc' dir='ltr'><strong>Ι.</strong></span> 
     </span>
     <span class='ocr_line' id='line_1_18' title="bbox 339 1155 470 1197; baseline 0 -7"><span class='ocrx_word' id='word_1_151' title='bbox 339 1155 410 1197; x_wconf 91' lang='grc'><strong>79,</strong></span> <span class='ocrx_word' id='word_1_152' title='bbox 433 1155 470 1190; x_wconf 88' lang='grc'><strong>2.</strong></span> 
     </span>
    </p>

    <p class='ocr_par' dir='ltr' id='par_1_14' title="bbox 248 1206 981 1251">
     <span class='ocr_line' id='line_1_19' title="bbox 248 1206 981 1251; baseline -0.014 -2"><span class='ocrx_word' id='word_1_153' title='bbox 248 1216 290 1250; x_wconf 86' lang='lat' dir='ltr'><strong>In</strong></span> <span class='ocrx_word' id='word_1_154' title='bbox 315 1224 397 1248; x_wconf 85' lang='lat' dir='ltr'><strong>cum</strong></span> <span class='ocrx_word' id='word_1_155' title='bbox 419 1223 537 1247; x_wconf 70' lang='lat' dir='ltr'><strong>versus</strong></span> <span class='ocrx_word' id='word_1_156' title='bbox 559 1209 793 1250; x_wconf 84' lang='lat' dir='ltr'><strong>coniunctum,</strong></span> <span class='ocrx_word' id='word_1_157' title='bbox 816 1207 855 1242; x_wconf 85' lang='lat' dir='ltr'><strong>C.</strong></span> <span class='ocrx_word' id='word_1_158' title='bbox 872 1206 929 1251; x_wconf 76' lang='lat'><strong>56,</strong></span> <span class='ocrx_word' id='word_1_159' title='bbox 944 1206 981 1243; x_wconf 86' lang='lat'><strong>4.</strong></span> 
     </span>
    </p>

    <p class='ocr_par' dir='ltr' id='par_1_15' title="bbox 247 1265 1577 1316">
     <span class='ocr_line' id='line_1_20' title="bbox 247 1265 1577 1316; baseline -0.008 -8"><span class='ocrx_word' id='word_1_160' title='bbox 247 1274 290 1308; x_wconf 88' lang='lat' dir='ltr'><strong>In</strong></span> <span class='ocrx_word' id='word_1_161' title='bbox 313 1273 420 1316; x_wconf 77' lang='lat' dir='ltr'><strong>auget</strong></span> <span class='ocrx_word' id='word_1_162' title='bbox 441 1269 515 1304; x_wconf 82' lang='lat' dir='ltr'><strong>vim</strong></span> <span class='ocrx_word' id='word_1_163' title='bbox 538 1267 795 1303; x_wconf 80' lang='lat' dir='ltr'><strong>vocabulorum</strong></span> <span class='ocrx_word' id='word_1_164' title='bbox 819 1265 1106 1309; x_wconf 79' lang='lat' dir='ltr'><strong>compositorum,</strong></span> <span class='ocrx_word' id='word_1_165' title='bbox 1129 1268 1168 1301; x_wconf 82' lang='lat' dir='ltr'><strong>ut</strong></span> <span class='ocrx_word' id='word_1_166' title='bbox 1189 1267 1364 1309; x_wconf 72' lang='lat' dir='ltr'><strong>immanis,</strong></span> <span class='ocrx_word' id='word_1_167' title='bbox 1384 1265 1414 1302; x_wconf 86' lang='lat'><strong>1.</strong></span> <span class='ocrx_word' id='word_1_168' title='bbox 1435 1265 1496 1308; x_wconf 85' lang='lat'><strong>31,</strong></span> <span class='ocrx_word' id='word_1_169' title='bbox 1518 1265 1577 1300; x_wconf 79' lang='lat'><strong>12.</strong></span> 
     </span>
    </p>

    <p class='ocr_par' dir='ltr' id='par_1_16' title="bbox 250 1322 1636 1375">
     <span class='ocr_line' id='line_1_21' title="bbox 250 1322 1636 1375; baseline -0.006 -10"><span class='ocrx_word' id='word_1_170' title='bbox 250 1332 290 1365; x_wconf 84' lang='lat' dir='ltr'><strong>In</strong></span> <span class='ocrx_word' id='word_1_171' title='bbox 313 1335 448 1375; x_wconf 84' lang='lat' dir='ltr'><strong>aperto,</strong></span> <span class='ocrx_word' id='word_1_172' title='bbox 470 1327 508 1362; x_wconf 81' lang='lat' dir='ltr'><strong>in</strong></span> <span class='ocrx_word' id='word_1_173' title='bbox 532 1326 647 1368; x_wconf 79' lang='lat' dir='ltr'><strong>dubio,</strong></span> <span class='ocrx_word' id='word_1_174' title='bbox 671 1325 708 1358; x_wconf 80' lang='lat' dir='ltr'><strong>in</strong></span> <span class='ocrx_word' id='word_1_175' title='bbox 730 1325 860 1358; x_wconf 84' lang='lat' dir='ltr'><strong>incerto</strong></span> <span class='ocrx_word' id='word_1_176' title='bbox 891 1333 966 1356; x_wconf 77' lang='lat' dir='ltr'><strong>esse</strong></span> <span class='ocrx_word' id='word_1_177' title='bbox 988 1322 1045 1355; x_wconf 82' lang='lat' dir='ltr'><strong>vel</strong></span> <span class='ocrx_word' id='word_1_178' title='bbox 1067 1323 1223 1366; x_wconf 81' lang='lat' dir='ltr'><strong>habere,</strong></span> <span class='ocrx_word' id='word_1_179' title='bbox 1251 1324 1290 1358; x_wconf 83' lang='lat' dir='ltr'><strong>C.</strong></span> <span class='ocrx_word' id='word_1_180' title='bbox 1314 1323 1361 1358; x_wconf 80' lang='lat'><strong>41</strong></span> <span class='ocrx_word' id='word_1_181' title='bbox 1375 1348 1385 1366; x_wconf 91' lang='lat'>,</span> <span class='ocrx_word' id='word_1_182' title='bbox 1409 1324 1446 1358; x_wconf 89' lang='lat' dir='ltr'><strong>l.</strong></span> <span class='ocrx_word' id='word_1_183' title='bbox 1490 1325 1518 1359; x_wconf 88' lang='lat'><strong>1.</strong></span> <span class='ocrx_word' id='word_1_184' title='bbox 1542 1322 1578 1365; x_wconf 87' lang='lat'><strong>5,</strong></span> <span class='ocrx_word' id='word_1_185' title='bbox 1600 1322 1636 1357; x_wconf 87' lang='grc'><strong>3.</strong></span> 
     </span>
    </p>

    <p class='ocr_par' dir='ltr' id='par_1_17' title="bbox 249 1379 1124 1428">
     <span class='ocr_line' id='line_1_22' title="bbox 249 1379 1124 1428; baseline -0.013 -4"><span class='ocrx_word' id='word_1_186' title='bbox 249 1390 291 1423; x_wconf 83' lang='grc' dir='ltr'><strong>1η</strong></span> <span class='ocrx_word' id='word_1_187' title='bbox 314 1387 408 1422; x_wconf 77' lang='lat' dir='ltr'><strong>brevi</strong></span> <span class='ocrx_word' id='word_1_188' title='bbox 432 1384 457 1419; x_wconf 85' lang='lat' dir='ltr'><strong>i.</strong></span> <span class='ocrx_word' id='word_1_189' title='bbox 482 1395 517 1428; x_wconf 87' lang='lat' dir='ltr'><strong>q.</strong></span> <span class='ocrx_word' id='word_1_190' title='bbox 539 1383 637 1417; x_wconf 77' lang='lat' dir='ltr'><strong>iutra</strong></span> <span class='ocrx_word' id='word_1_191' title='bbox 656 1383 764 1416; x_wconf 79' lang='lat' dir='ltr'><strong>breve</strong></span> <span class='ocrx_word' id='word_1_192' title='bbox 785 1384 934 1424; x_wconf 79' lang='lat' dir='ltr'><strong>tempus,</strong></span> <span class='ocrx_word' id='word_1_193' title='bbox 955 1380 984 1415; x_wconf 89' lang='lat'><strong>1.</strong></span> <span class='ocrx_word' id='word_1_194' title='bbox 1006 1379 1067 1421; x_wconf 89' lang='grc'><strong>96,</strong></span> <span class='ocrx_word' id='word_1_195' title='bbox 1090 1380 1124 1414; x_wconf 92' lang='lat'><strong>1.</strong></span> 
     </span>
    </p>

    <p class='ocr_par' dir='ltr' id='par_1_18' title="bbox 251 1437 1544 1490">
     <span class='ocr_line' id='line_1_23' title="bbox 251 1437 1544 1490; baseline -0.008 -9"><span class='ocrx_word' id='word_1_196' title='bbox 251 1448 292 1481; x_wconf 85' lang='lat' dir='ltr'><strong>In</strong></span> <span class='ocrx_word' id='word_1_197' title='bbox 314 1444 459 1490; x_wconf 74' lang='lat' dir='ltr'><strong>imperio</strong></span> <span class='ocrx_word' id='word_1_198' title='bbox 483 1453 554 1477; x_wconf 80' lang='lat' dir='ltr'><strong>esse</strong></span> <span class='ocrx_word' id='word_1_199' title='bbox 576 1440 673 1475; x_wconf 80' lang='lat' dir='ltr'><strong>uliud</strong></span> <span class='ocrx_word' id='word_1_200' title='bbox 696 1438 873 1485; x_wconf 75' lang='lat' dir='ltr'><strong>significat</strong></span> <span class='ocrx_word' id='word_1_201' title='bbox 895 1447 1004 1481; x_wconf 86' lang='lat' dir='ltr'><strong>quam</strong></span> <span class='ocrx_word' id='word_1_202' title='bbox 1028 1448 1102 1471; x_wconf 82' lang='lat' dir='ltr'><strong>cum</strong></span> <span class='ocrx_word' id='word_1_203' title='bbox 1125 1437 1268 1481; x_wconf 72' lang='lat' dir='ltr'><strong>imperio</strong></span> <span class='ocrx_word' id='word_1_204' title='bbox 1292 1449 1383 1481; x_wconf 71' lang='lat' dir='ltr'><strong>enee,</strong></span> <span class='ocrx_word' id='word_1_205' title='bbox 1405 1438 1434 1473; x_wconf 87' lang='lat'><strong>1.</strong></span> <span class='ocrx_word' id='word_1_206' title='bbox 1457 1437 1494 1483; x_wconf 79' lang='lat'><strong>3,</strong></span> <span class='ocrx_word' id='word_1_207' title='bbox 1509 1438 1544 1474; x_wconf 91' lang='lat'><strong>1.</strong></span> 
     </span>
    </p>

    <p class='ocr_par' dir='ltr' id='par_1_19' title="bbox 250 1493 1250 1545">
     <span class='ocr_line' id='line_1_24' title="bbox 250 1493 1250 1545; baseline -0.011 -5"><span class='ocrx_word' id='word_1_208' title='bbox 250 1505 292 1539; x_wconf 85' lang='lat' dir='ltr'><strong>In</strong></span> <span class='ocrx_word' id='word_1_209' title='bbox 313 1505 390 1539; x_wconf 84' lang='lat' dir='ltr'><strong>loco</strong></span> <span class='ocrx_word' id='word_1_210' title='bbox 414 1501 531 1545; x_wconf 82' lang='lat' dir='ltr'><strong>aliquo</strong></span> <span class='ocrx_word' id='word_1_211' title='bbox 555 1509 629 1531; x_wconf 80' lang='lat' dir='ltr'><strong>esse</strong></span> <span class='ocrx_word' id='word_1_212' title='bbox 651 1496 676 1531; x_wconf 89' lang='lat' dir='ltr'><strong>i.</strong></span> <span class='ocrx_word' id='word_1_213' title='bbox 703 1507 736 1540; x_wconf 87' lang='lat' dir='ltr'><strong>q.</strong></span> <span class='ocrx_word' id='word_1_214' title='bbox 761 1495 880 1539; x_wconf 81' lang='lat' dir='ltr'><strong>aliquo</strong></span> <span class='ocrx_word' id='word_1_215' title='bbox 902 1498 1010 1537; x_wconf 80' lang='lat' dir='ltr'><strong>statu,</strong></span> <span class='ocrx_word' id='word_1_216' title='bbox 1034 1494 1074 1529; x_wconf 87' lang='lat' dir='ltr'><strong>C.</strong></span> <span class='ocrx_word' id='word_1_217' title='bbox 1096 1493 1155 1537; x_wconf 82' lang='lat'><strong>58,</strong></span> <span class='ocrx_word' id='word_1_218' title='bbox 1177 1494 1212 1530; x_wconf 86' lang='lat'><strong>5.</strong></span> <span class='ocrx_word' id='word_1_219' title='bbox 1248 1527 1250 1529; x_wconf 74' lang='grc'>,</span> 
     </span>
    </p>

    <p class='ocr_par' dir='ltr' id='par_1_20' title="bbox 250 1551 1066 1600">
     <span class='ocr_line' id='line_1_25' title="bbox 250 1551 1066 1600; baseline -0.013 -3"><span class='ocrx_word' id='word_1_220' title='bbox 250 1564 293 1598; x_wconf 89' lang='lat' dir='ltr'><strong>In</strong></span> <span class='ocrx_word' id='word_1_221' title='bbox 314 1560 427 1596; x_wconf 78' lang='lat' dir='ltr'><strong>maius</strong></span> <span class='ocrx_word' id='word_1_222' title='bbox 450 1558 634 1600; x_wconf 83' lang='lat' dir='ltr'><strong>celebrare,</strong></span> <span class='ocrx_word' id='word_1_223' title='bbox 659 1565 874 1598; x_wconf 87' lang='lat' dir='ltr'><strong>componere,</strong></span> <span class='ocrx_word' id='word_1_224' title='bbox 900 1553 928 1588; x_wconf 92' lang='lat'><strong>1.</strong></span> <span class='ocrx_word' id='word_1_225' title='bbox 951 1551 1008 1593; x_wconf 86' lang='grc'><strong>73,</strong></span> <span class='ocrx_word' id='word_1_226' title='bbox 1030 1551 1066 1589; x_wconf 84' lang='grc'><strong>5,</strong></span> 
     </span>
    </p>

    <p class='ocr_par' dir='ltr' id='par_1_21' title="bbox 250 1609 1093 1664">
     <span class='ocr_line' id='line_1_26' title="bbox 250 1609 1093 1664; baseline -0.011 -11"><span class='ocrx_word' id='word_1_227' title='bbox 250 1620 292 1653; x_wconf 89' lang='lat' dir='ltr'><strong>In</strong></span> <span class='ocrx_word' id='word_1_228' title='bbox 312 1620 524 1664; x_wconf 82' lang='lat' dir='ltr'><strong>potestatem</strong></span> <span class='ocrx_word' id='word_1_229' title='bbox 546 1625 630 1656; x_wconf 85' lang='lat' dir='ltr'><strong>csse,</strong></span> <span class='ocrx_word' id='word_1_230' title='bbox 654 1613 695 1647; x_wconf 84' lang='lat' dir='ltr'><strong>C.</strong></span> <span class='ocrx_word' id='word_1_231' title='bbox 718 1610 776 1653; x_wconf 85' lang='lat'><strong>51,</strong></span> <span class='ocrx_word' id='word_1_232' title='bbox 802 1610 859 1645; x_wconf 84' lang='grc'><strong>36.</strong></span> <span class='ocrx_word' id='word_1_233' title='bbox 878 1611 935 1646; x_wconf 70' lang='grc' dir='ltr'><strong>’·Ι.</strong></span> <span class='ocrx_word' id='word_1_234' title='bbox 959 1610 1040 1652; x_wconf 82' lang='grc'><strong>112,</strong></span> <span class='ocrx_word' id='word_1_235' title='bbox 1055 1609 1093 1646; x_wconf 89' lang='grc'><strong>3.</strong></span> 
     </span>
    </p>

    <p class='ocr_par' dir='ltr' id='par_1_22' title="bbox 250 1666 1638 1778">
     <span class='ocr_line' id='line_1_27' title="bbox 250 1666 1638 1722; baseline -0.006 -12"><span class='ocrx_word' id='word_1_236' title='bbox 250 1678 291 1713; x_wconf 82' lang='lat' dir='ltr'><strong>In</strong></span> <span class='ocrx_word' id='word_1_237' title='bbox 310 1676 447 1722; x_wconf 78' lang='lat' dir='ltr'>primo,</span> <span class='ocrx_word' id='word_1_238' title='bbox 476 1673 609 1713; x_wconf 84' lang='lat' dir='ltr'><strong>medio,</strong></span> <span class='ocrx_word' id='word_1_239' title='bbox 642 1674 816 1715; x_wconf 82' lang='lat' dir='ltr'><strong>postremo</strong></span> <span class='ocrx_word' id='word_1_240' title='bbox 838 1668 862 1705; x_wconf 88' lang='lat' dir='ltr'><strong>i.</strong></span> <span class='ocrx_word' id='word_1_241' title='bbox 879 1680 914 1714; x_wconf 85' lang='lat' dir='ltr'><strong>q.</strong></span> <span class='ocrx_word' id='word_1_242' title='bbox 937 1669 994 1704; x_wconf 85' lang='lat' dir='ltr'><strong>vel</strong></span> <span class='ocrx_word' id='word_1_243' title='bbox 1017 1669 1054 1703; x_wconf 84' lang='lat' dir='ltr'><strong>in</strong></span> <span class='ocrx_word' id='word_1_244' title='bbox 1081 1667 1198 1712; x_wconf 80' lang='lat' dir='ltr'><strong>prima</strong></span> <span class='ocrx_word' id='word_1_245' title='bbox 1219 1670 1344 1712; x_wconf 74' lang='lat' dir='ltr'><strong>parte,</strong></span> <span class='ocrx_word' id='word_1_246' title='bbox 1374 1667 1433 1702; x_wconf 75' lang='lat' dir='ltr'><strong>vel</strong></span> <span class='ocrx_word' id='word_1_247' title='bbox 1463 1666 1501 1703; x_wconf 84' lang='lat' dir='ltr'><strong>iu</strong></span> <span class='ocrx_word' id='word_1_248' title='bbox 1522 1666 1638 1713; x_wconf 81' lang='lat' dir='ltr'><strong>primo</strong></span> 
     </span>
     <span class='ocr_line' id='line_1_28' title="bbox 341 1725 870 1778; baseline -0.015 -11"><span class='ocrx_word' id='word_1_249' title='bbox 341 1731 484 1778; x_wconf 81' lang='lat' dir='ltr'>agmine</span> <span class='ocrx_word' id='word_1_250' title='bbox 506 1733 568 1764; x_wconf 80' lang='lat' dir='ltr'><strong>aut</strong></span> <span class='ocrx_word' id='word_1_251' title='bbox 591 1727 680 1769; x_wconf 81' lang='lat' dir='ltr'><strong>acie,</strong></span> <span class='ocrx_word' id='word_1_252' title='bbox 705 1727 732 1761; x_wconf 92' lang='grc' dir='ltr'><strong>Ι.</strong></span> <span class='ocrx_word' id='word_1_253' title='bbox 756 1725 814 1768; x_wconf 88' lang='grc'><strong>68,</strong></span> <span class='ocrx_word' id='word_1_254' title='bbox 837 1726 870 1761; x_wconf 85' lang='grc'><strong>4.</strong></span> 
     </span>
    </p>
   </div>
   <div class='ocr_carea' id='block_1_6' title="bbox 180 1783 1407 1838">
    <p class='ocr_par' dir='ltr' id='par_1_23' title="bbox 180 1783 1407 1838">
     <span class='ocr_line' id='line_1_29' title="bbox 180 1783 1407 1838; baseline -0.007 -12"><span class='ocrx_word' id='word_1_255' title='bbox 180 1791 183 1793; x_wconf 78' lang='grc'><strong>’</strong></span> <span class='ocrx_word' id='word_1_256' title='bbox 248 1794 290 1828; x_wconf 81' lang='lat' dir='ltr'><strong>In</strong></span> <span class='ocrx_word' id='word_1_257' title='bbox 308 1801 475 1838; x_wconf 70' lang='lat' dir='ltr'><strong>praesens</strong></span> <span class='ocrx_word' id='word_1_258' title='bbox 496 1786 573 1822; x_wconf 78' lang='lat' dir='ltr'><strong>eine</strong></span> <span class='ocrx_word' id='word_1_259' title='bbox 594 1783 710 1829; x_wconf 73' lang='lat' dir='ltr'><strong>eilipsi</strong></span> <span class='ocrx_word' id='word_1_260' title='bbox 732 1784 828 1819; x_wconf 79' lang='lat' dir='ltr'><strong>vocis</strong></span> <span class='ocrx_word' id='word_1_261' title='bbox 849 1790 983 1831; x_wconf 80' lang='lat' dir='ltr'><strong>tempus</strong></span> <span class='ocrx_word' id='word_1_262' title='bbox 1005 1784 1150 1827; x_wconf 81' lang='lat' dir='ltr'><strong>dictum,</strong></span> <span class='ocrx_word' id='word_1_263' title='bbox 1174 1784 1213 1820; x_wconf 87' lang='lat' dir='ltr'><strong>C.</strong></span> <span class='ocrx_word' id='word_1_264' title='bbox 1239 1783 1298 1826; x_wconf 85' lang='grc'><strong>17,</strong></span> <span class='ocrx_word' id='word_1_265' title='bbox 1312 1783 1348 1818; x_wconf 85' lang='grc'><strong>2.</strong></span> <span class='ocrx_word' id='word_1_266' title='bbox 1403 1806 1407 1809; x_wconf 65' lang='grc'><em>»</em></span> 
     </span>
    </p>
   </div>
   <div class='ocr_carea' id='block_1_7' title="bbox 248 1842 1363 2758">
    <p class='ocr_par' dir='ltr' id='par_1_24' title="bbox 248 1842 1363 2010">
     <span class='ocr_line' id='line_1_30' title="bbox 248 1842 1295 1896; baseline -0.011 -9"><span class='ocrx_word' id='word_1_267' title='bbox 248 1852 289 1887; x_wconf 83' lang='grc' dir='ltr'><strong>1η</strong></span> <span class='ocrx_word' id='word_1_268' title='bbox 313 1849 436 1896; x_wconf 79' lang='lat' dir='ltr'><strong>primis</strong></span> <span class='ocrx_word' id='word_1_269' title='bbox 457 1845 639 1881; x_wconf 79' lang='lat' dir='ltr'><strong>diversum</strong></span> <span class='ocrx_word' id='word_1_270' title='bbox 662 1843 709 1877; x_wconf 83' lang='lat' dir='ltr'><strong>ab</strong></span> <span class='ocrx_word' id='word_1_271' title='bbox 732 1842 913 1888; x_wconf 72' lang='lat' dir='ltr'><strong>imprimis,</strong></span> <span class='ocrx_word' id='word_1_272' title='bbox 938 1844 978 1878; x_wconf 84' lang='lat' dir='ltr'><strong>C.</strong></span> <span class='ocrx_word' id='word_1_273' title='bbox 1001 1843 1060 1885; x_wconf 84' lang='grc'><strong>66,</strong></span> <span class='ocrx_word' id='word_1_274' title='bbox 1076 1842 1112 1877; x_wconf 91' lang='grc'><strong>6.</strong></span> <span class='ocrx_word' id='word_1_275' title='bbox 1159 1842 1189 1876; x_wconf 92' lang='grc' dir='ltr'><strong>Ι.</strong></span> <span class='ocrx_word' id='word_1_276' title='bbox 1212 1842 1247 1883; x_wconf 88' lang='grc'><strong>6,</strong></span> <span class='ocrx_word' id='word_1_277' title='bbox 1263 1842 1295 1875; x_wconf 96' lang='grc'><strong>1.</strong></span> 
     </span>
     <span class='ocr_line' id='line_1_31' title="bbox 250 1896 1363 1954; baseline -0.006 -11"><span class='ocrx_word' id='word_1_278' title='bbox 250 1911 292 1944; x_wconf 88' lang='lat' dir='ltr'><strong>In</strong></span> <span class='ocrx_word' id='word_1_279' title='bbox 311 1906 436 1954; x_wconf 78' lang='lat' dir='ltr'><strong>primis</strong></span> <span class='ocrx_word' id='word_1_280' title='bbox 459 1914 530 1949; x_wconf 90' lang='lat' dir='ltr'><strong>quo</strong></span> <span class='ocrx_word' id='word_1_281' title='bbox 552 1912 654 1937; x_wconf 81' lang='lat' dir='ltr'><strong>sensu</strong></span> <span class='ocrx_word' id='word_1_282' title='bbox 674 1911 754 1934; x_wconf 90' lang='lat' dir='ltr'><strong>cum</strong></span> <span class='ocrx_word' id='word_1_283' title='bbox 778 1900 992 1944; x_wconf 78' lang='lat' dir='ltr'><strong>superlativo</strong></span> <span class='ocrx_word' id='word_1_284' title='bbox 1017 1901 1195 1947; x_wconf 77' lang='lat' dir='ltr'><strong>iungatur,</strong></span> <span class='ocrx_word' id='word_1_285' title='bbox 1217 1899 1248 1934; x_wconf 90' lang='grc' dir='ltr'><strong>Ι.</strong></span> <span class='ocrx_word' id='word_1_286' title='bbox 1270 1898 1306 1942; x_wconf 91' lang='grc'><strong>7,</strong></span> <span class='ocrx_word' id='word_1_287' title='bbox 1328 1896 1363 1936; x_wconf 83' lang='lat'><strong>5.</strong></span> 
     </span>
     <span class='ocr_line' id='line_1_32' title="bbox 251 1958 926 2010; baseline -0.012 -7"><span class='ocrx_word' id='word_1_288' title='bbox 251 1968 292 2003; x_wconf 86' lang='grc' dir='ltr'><strong>1η</strong></span> <span class='ocrx_word' id='word_1_289' title='bbox 314 1971 468 2010; x_wconf 81' lang='lat' dir='ltr'><strong>tempore</strong></span> <span class='ocrx_word' id='word_1_290' title='bbox 490 1962 514 1996; x_wconf 88' lang='lat' dir='ltr'><strong>i.</strong></span> <span class='ocrx_word' id='word_1_291' title='bbox 532 1972 566 2006; x_wconf 88' lang='lat' dir='ltr'><strong>q.</strong></span> <span class='ocrx_word' id='word_1_292' title='bbox 589 1962 738 2002; x_wconf 79' lang='lat' dir='ltr'><strong>mature,</strong></span> <span class='ocrx_word' id='word_1_293' title='bbox 763 1959 789 1994; x_wconf 87' lang='grc' dir='ltr'><strong>Ι.</strong></span> <span class='ocrx_word' id='word_1_294' title='bbox 812 1958 869 2001; x_wconf 85' lang='grc'><strong>56,</strong></span> <span class='ocrx_word' id='word_1_295' title='bbox 891 1959 926 1995; x_wconf 89' lang='grc'><strong>2.</strong></span> 
     </span>
    </p>

    <p class='ocr_par' dir='ltr' id='par_1_25' title="bbox 250 2016 1344 2238">
     <span class='ocr_line' id='line_1_33' title="bbox 250 2016 1245 2063; baseline -0.009 -4"><span class='ocrx_word' id='word_1_296' title='bbox 250 2025 292 2059; x_wconf 83' lang='grc' dir='ltr'><strong>1η</strong></span> <span class='ocrx_word' id='word_1_297' title='bbox 315 2034 419 2058; x_wconf 80' lang='lat' dir='ltr'><strong>unum</strong></span> <span class='ocrx_word' id='word_1_298' title='bbox 442 2019 517 2055; x_wconf 81' lang='lat' dir='ltr'><strong>sine</strong></span> <span class='ocrx_word' id='word_1_299' title='bbox 538 2018 655 2063; x_wconf 61' lang='grc' dir='ltr'><strong>«31ΙίΡεὶ</strong></span> <span class='ocrx_word' id='word_1_300' title='bbox 675 2017 778 2057; x_wconf 54' lang='lat' dir='ltr'><strong>vocis,</strong></span> <span class='ocrx_word' id='word_1_301' title='bbox 794 2019 888 2052; x_wconf 81' lang='lat' dir='ltr'><strong>locus</strong></span> <span class='ocrx_word' id='word_1_302' title='bbox 910 2016 1052 2059; x_wconf 73' lang='lat' dir='ltr'><strong>«lictum,</strong></span> <span class='ocrx_word' id='word_1_303' title='bbox 1079 2017 1117 2051; x_wconf 86' lang='lat' dir='ltr'><strong>C.</strong></span> <span class='ocrx_word' id='word_1_304' title='bbox 1135 2016 1194 2059; x_wconf 85' lang='lat'><strong>17,</strong></span> <span class='ocrx_word' id='word_1_305' title='bbox 1209 2016 1245 2051; x_wconf 89' lang='grc'><strong>2.</strong></span> 
     </span>
     <span class='ocr_line' id='line_1_34' title="bbox 251 2073 1318 2121; baseline -0.007 -4"><span class='ocrx_word' id='word_1_306' title='bbox 251 2083 448 2117; x_wconf 72' lang='lat' dir='ltr'><strong>lnaccessnn</strong></span> <span class='ocrx_word' id='word_1_307' title='bbox 470 2078 495 2113; x_wconf 87' lang='lat' dir='ltr'><strong>i.</strong></span> <span class='ocrx_word' id='word_1_308' title='bbox 511 2088 545 2121; x_wconf 88' lang='lat' dir='ltr'><strong>q.</strong></span> <span class='ocrx_word' id='word_1_309' title='bbox 574 2076 620 2111; x_wconf 77' lang='lat' dir='ltr'><strong>ad</strong></span> <span class='ocrx_word' id='word_1_310' title='bbox 642 2086 747 2119; x_wconf 88' lang='lat' dir='ltr'><strong>quem</strong></span> <span class='ocrx_word' id='word_1_311' title='bbox 771 2075 891 2110; x_wconf 83' lang='lat' dir='ltr'><strong>accedi</strong></span> <span class='ocrx_word' id='word_1_312' title='bbox 914 2086 982 2110; x_wconf 87' lang='lat' dir='ltr'><strong>non</strong></span> <span class='ocrx_word' id='word_1_313' title='bbox 1002 2078 1122 2120; x_wconf 75' lang='lat' dir='ltr'><strong>potest,</strong></span> <span class='ocrx_word' id='word_1_314' title='bbox 1146 2075 1176 2109; x_wconf 91' lang='grc' dir='ltr'><strong>Ι.</strong></span> <span class='ocrx_word' id='word_1_315' title='bbox 1198 2074 1257 2116; x_wconf 87' lang='grc'><strong>76,</strong></span> <span class='ocrx_word' id='word_1_316' title='bbox 1281 2073 1318 2109; x_wconf 90' lang='grc'><strong>1.</strong></span> 
     </span>
     <span class='ocr_line' id='line_1_35' title="bbox 253 2129 1344 2182; baseline -0.009 -8"><span class='ocrx_word' id='word_1_317' title='bbox 253 2139 373 2174; x_wconf 76' lang='grc' dir='ltr'><strong>Ιηαπίε</strong></span> <span class='ocrx_word' id='word_1_318' title='bbox 394 2135 571 2182; x_wconf 87' lang='lat' dir='ltr'><strong>quomodo</strong></span> <span class='ocrx_word' id='word_1_319' title='bbox 588 2133 728 2168; x_wconf 79' lang='lat' dir='ltr'><strong>differat</strong></span> <span class='ocrx_word' id='word_1_320' title='bbox 749 2133 795 2167; x_wconf 83' lang='lat' dir='ltr'><strong>ab</strong></span> <span class='ocrx_word' id='word_1_321' title='bbox 818 2145 948 2168; x_wconf 78' lang='lat' dir='ltr'><strong>vacuus</strong></span> <span class='ocrx_word' id='word_1_322' title='bbox 972 2136 1006 2167; x_wconf 81' lang='lat' dir='ltr'><strong>et</strong></span> <span class='ocrx_word' id='word_1_323' title='bbox 1031 2143 1154 2175; x_wconf 70' lang='lat' dir='ltr'><strong>vanua,</strong></span> <span class='ocrx_word' id='word_1_324' title='bbox 1177 2132 1206 2166; x_wconf 91' lang='grc' dir='ltr'><strong>Ι.</strong></span> <span class='ocrx_word' id='word_1_325' title='bbox 1229 2130 1287 2173; x_wconf 77' lang='lat'><strong>64,</strong></span> <span class='ocrx_word' id='word_1_326' title='bbox 1310 2129 1344 2164; x_wconf 87' lang='grc'><strong>5.</strong></span> 
     </span>
     <span class='ocr_line' id='line_1_36' title="bbox 251 2188 1054 2238; baseline -0.009 -6"><span class='ocrx_word' id='word_1_327' title='bbox 251 2198 415 2232; x_wconf 74' lang='lat' dir='ltr'><strong>lncautus</strong></span> <span class='ocrx_word' id='word_1_328' title='bbox 438 2192 578 2238; x_wconf 77' lang='lat' dir='ltr'><strong>passivo</strong></span> <span class='ocrx_word' id='word_1_329' title='bbox 597 2202 699 2226; x_wconf 78' lang='lat' dir='ltr'><strong>sensu</strong></span> <span class='ocrx_word' id='word_1_330' title='bbox 722 2190 867 2233; x_wconf 81' lang='lat' dir='ltr'><strong>dictum,</strong></span> <span class='ocrx_word' id='word_1_331' title='bbox 893 2191 920 2224; x_wconf 88' lang='lat'><strong>1.</strong></span> <span class='ocrx_word' id='word_1_332' title='bbox 945 2189 1004 2233; x_wconf 83' lang='lat'><strong>49,</strong></span> <span class='ocrx_word' id='word_1_333' title='bbox 1020 2188 1054 2226; x_wconf 83' lang='lat'><strong>5.</strong></span> 
     </span>
    </p>

    <p class='ocr_par' dir='ltr' id='par_1_26' title="bbox 251 2247 975 2295">
     <span class='ocr_line' id='line_1_37' title="bbox 251 2247 975 2295; baseline -0.014 -4"><span class='ocrx_word' id='word_1_334' title='bbox 251 2256 411 2291; x_wconf 82' lang='lat' dir='ltr'><strong>Incedere</strong></span> <span class='ocrx_word' id='word_1_335' title='bbox 433 2253 566 2286; x_wconf 80' lang='lat' dir='ltr'><strong>fastum</strong></span> <span class='ocrx_word' id='word_1_336' title='bbox 587 2249 757 2295; x_wconf 77' lang='lat' dir='ltr'><strong>designat,</strong></span> <span class='ocrx_word' id='word_1_337' title='bbox 783 2249 811 2283; x_wconf 87' lang='lat'><strong>1.</strong></span> <span class='ocrx_word' id='word_1_338' title='bbox 835 2247 894 2289; x_wconf 89' lang='grc'><strong>31,</strong></span> <span class='ocrx_word' id='word_1_339' title='bbox 917 2247 975 2282; x_wconf 83' lang='grc'><strong>19.</strong></span> 
     </span>
    </p>

    <p class='ocr_par' dir='ltr' id='par_1_27' title="bbox 251 2305 1337 2468">
     <span class='ocr_line' id='line_1_38' title="bbox 253 2305 1269 2348; baseline -0.009 0"><span class='ocrx_word' id='word_1_340' title='bbox 253 2314 413 2348; x_wconf 84' lang='lat' dir='ltr'><strong>Incedere</strong></span> <span class='ocrx_word' id='word_1_341' title='bbox 435 2313 470 2345; x_wconf 77' lang='lat' dir='ltr'><strong>et</strong></span> <span class='ocrx_word' id='word_1_342' title='bbox 492 2310 656 2344; x_wconf 77' lang='lat' dir='ltr'><strong>incessere</strong></span> <span class='ocrx_word' id='word_1_343' title='bbox 679 2318 760 2340; x_wconf 89' lang='lat' dir='ltr'><strong>cum</strong></span> <span class='ocrx_word' id='word_1_344' title='bbox 786 2306 907 2341; x_wconf 79' lang='lat' dir='ltr'><strong>dativo</strong></span> <span class='ocrx_word' id='word_1_345' title='bbox 929 2305 1066 2348; x_wconf 78' lang='lat' dir='ltr'><strong>iuncta,</strong></span> <span class='ocrx_word' id='word_1_346' title='bbox 1091 2307 1128 2341; x_wconf 87' lang='lat' dir='ltr'><strong>C.</strong></span> <span class='ocrx_word' id='word_1_347' title='bbox 1153 2306 1210 2346; x_wconf 85' lang='grc'><strong>31,</strong></span> <span class='ocrx_word' id='word_1_348' title='bbox 1233 2305 1269 2342; x_wconf 84' lang='grc'><strong>3.</strong></span> 
     </span>
     <span class='ocr_line' id='line_1_39' title="bbox 251 2360 1337 2411; baseline -0.009 -4"><span class='ocrx_word' id='word_1_349' title='bbox 251 2371 437 2407; x_wconf 79' lang='lat' dir='ltr'><strong>Incendere</strong></span> <span class='ocrx_word' id='word_1_350' title='bbox 459 2367 503 2402; x_wconf 84' lang='lat' dir='ltr'><strong>de</strong></span> <span class='ocrx_word' id='word_1_351' title='bbox 524 2364 842 2411; x_wconf 74' lang='lat' dir='ltr'><strong>perturbationibus</strong></span> <span class='ocrx_word' id='word_1_352' title='bbox 863 2363 973 2399; x_wconf 74' lang='lat' dir='ltr'><strong>animi</strong></span> <span class='ocrx_word' id='word_1_353' title='bbox 996 2364 1141 2408; x_wconf 84' lang='lat' dir='ltr'><strong>dictum,</strong></span> <span class='ocrx_word' id='word_1_354' title='bbox 1165 2364 1204 2398; x_wconf 88' lang='lat' dir='ltr'><strong>C.</strong></span> <span class='ocrx_word' id='word_1_355' title='bbox 1229 2360 1286 2405; x_wconf 79' lang='lat'><strong>25,</strong></span> <span class='ocrx_word' id='word_1_356' title='bbox 1302 2361 1337 2397; x_wconf 84' lang='lat'><strong>3.</strong></span> 
     </span>
     <span class='ocr_line' id='line_1_40' title="bbox 252 2421 1007 2468; baseline -0.011 -4"><span class='ocrx_word' id='word_1_357' title='bbox 252 2428 452 2464; x_wconf 81' lang='lat' dir='ltr'><strong>Incendium</strong></span> <span class='ocrx_word' id='word_1_358' title='bbox 475 2425 499 2459; x_wconf 88' lang='lat' dir='ltr'><strong>i.</strong></span> <span class='ocrx_word' id='word_1_359' title='bbox 516 2436 550 2468; x_wconf 88' lang='lat' dir='ltr'><strong>q.</strong></span> <span class='ocrx_word' id='word_1_360' title='bbox 573 2436 630 2458; x_wconf 78' lang='lat' dir='ltr'><strong>rcs</strong></span> <span class='ocrx_word' id='word_1_361' title='bbox 653 2423 819 2468; x_wconf 82' lang='lat' dir='ltr'><strong>perditae,</strong></span> <span class='ocrx_word' id='word_1_362' title='bbox 843 2422 880 2456; x_wconf 86' lang='lat' dir='ltr'><strong>C.</strong></span> <span class='ocrx_word' id='word_1_363' title='bbox 897 2421 956 2464; x_wconf 84' lang='lat'><strong>31,</strong></span> <span class='ocrx_word' id='word_1_364' title='bbox 973 2421 1007 2456; x_wconf 88' lang='grc'><strong>9.</strong></span> 
     </span>
    </p>

    <p class='ocr_par' dir='ltr' id='par_1_28' title="bbox 253 2477 1258 2587">
     <span class='ocr_line' id='line_1_41' title="bbox 253 2477 1258 2531; baseline -0.011 -8"><span class='ocrx_word' id='word_1_365' title='bbox 253 2489 430 2531; x_wconf 80' lang='lat' dir='ltr'><strong>Inceptum</strong></span> <span class='ocrx_word' id='word_1_366' title='bbox 452 2483 610 2518; x_wconf 78' lang='lat' dir='ltr'><strong>absolute</strong></span> <span class='ocrx_word' id='word_1_367' title='bbox 632 2481 777 2523; x_wconf 83' lang='lat' dir='ltr'><strong>dictum,</strong></span> <span class='ocrx_word' id='word_1_368' title='bbox 799 2480 874 2514; x_wconf 81' lang='lat' dir='ltr'><strong>sine</strong></span> <span class='ocrx_word' id='word_1_369' title='bbox 896 2479 1066 2526; x_wconf 83' lang='lat' dir='ltr'><strong>genitivo,</strong></span> <span class='ocrx_word' id='word_1_370' title='bbox 1091 2478 1121 2515; x_wconf 87' lang='lat'><strong>1.</strong></span> <span class='ocrx_word' id='word_1_371' title='bbox 1144 2477 1202 2521; x_wconf 80' lang='lat'><strong>8⁰,</strong></span> <span class='ocrx_word' id='word_1_372' title='bbox 1224 2477 1258 2513; x_wconf 90' lang='lat'><strong>5.</strong></span> 
     </span>
     <span class='ocr_line' id='line_1_42' title="bbox 253 2536 895 2587; baseline -0.011 -7"><span class='ocrx_word' id='word_1_373' title='bbox 253 2547 408 2580; x_wconf 76' lang='lat' dir='ltr'><strong>Incertus</strong></span> <span class='ocrx_word' id='word_1_374' title='bbox 428 2540 569 2587; x_wconf 75' lang='lat' dir='ltr'><strong>passivo</strong></span> <span class='ocrx_word' id='word_1_375' title='bbox 592 2551 706 2581; x_wconf 76' lang='lat' dir='ltr'><strong>sensu,</strong></span> <span class='ocrx_word' id='word_1_376' title='bbox 728 2539 756 2572; x_wconf 89' lang='grc' dir='ltr'><strong>Ι.</strong></span> <span class='ocrx_word' id='word_1_377' title='bbox 780 2537 839 2581; x_wconf 84' lang='grc'><strong>49,</strong></span> <span class='ocrx_word' id='word_1_378' title='bbox 859 2536 895 2574; x_wconf 88' lang='grc'><strong>5.</strong></span> 
     </span>
    </p>

    <p class='ocr_par' dir='ltr' id='par_1_29' title="bbox 255 2595 823 2644">
     <span class='ocr_line' id='line_1_43' title="bbox 255 2595 823 2644; baseline -0.014 -7"><span class='ocrx_word' id='word_1_379' title='bbox 255 2603 426 2637; x_wconf 64' lang='lat' dir='ltr'><strong>Incertum</strong></span> <span class='ocrx_word' id='word_1_380' title='bbox 447 2597 632 2644; x_wconf 74' lang='lat' dir='ltr'><strong>proelium,</strong></span> <span class='ocrx_word' id='word_1_381' title='bbox 656 2598 683 2634; x_wconf 90' lang='grc' dir='ltr'><strong>Ι.</strong></span> <span class='ocrx_word' id='word_1_382' title='bbox 706 2595 765 2639; x_wconf 84' lang='grc'><strong>50,</strong></span> <span class='ocrx_word' id='word_1_383' title='bbox 788 2596 823 2631; x_wconf 85' lang='grc'><strong>4,</strong></span> 
     </span>
    </p>

    <p class='ocr_par' dir='ltr' id='par_1_30' title="bbox 257 2650 1211 2758">
     <span class='ocr_line' id='line_1_44' title="bbox 257 2650 1211 2699; baseline -0.009 -4"><span class='ocrx_word' id='word_1_384' title='bbox 257 2661 427 2697; x_wconf 75' lang='lat' dir='ltr'><strong>Incessere</strong></span> <span class='ocrx_word' id='word_1_385' title='bbox 451 2656 612 2692; x_wconf 69' lang='lat' dir='ltr'><strong>absolute</strong></span> <span class='ocrx_word' id='word_1_386' title='bbox 633 2654 799 2699; x_wconf 78' lang='lat' dir='ltr'><strong>positum,</strong></span> <span class='ocrx_word' id='word_1_387' title='bbox 824 2654 864 2689; x_wconf 84' lang='lat' dir='ltr'><strong>G.</strong></span> <span class='ocrx_word' id='word_1_388' title='bbox 888 2653 946 2697; x_wconf 86' lang='lat'><strong>10,</strong></span> <span class='ocrx_word' id='word_1_389' title='bbox 961 2652 998 2688; x_wconf 90' lang='grc'><strong>6.</strong></span> <span class='ocrx_word' id='word_1_390' title='bbox 1043 2652 1071 2686; x_wconf 89' lang='grc' dir='ltr'><strong>Ι.</strong></span> <span class='ocrx_word' id='word_1_391' title='bbox 1096 2650 1154 2693; x_wconf 79' lang='grc'><strong>13,</strong></span> <span class='ocrx_word' id='word_1_392' title='bbox 1175 2650 1211 2686; x_wconf 90' lang='grc'><strong>6.</strong></span> 
     </span>
     <span class='ocr_line' id='line_1_45' title="bbox 259 2707 1161 2758; baseline -0.011 -6"><span class='ocrx_word' id='word_1_393' title='bbox 259 2718 455 2752; x_wconf 75' lang='lat' dir='ltr'><strong>Inconsulta</strong></span> <span class='ocrx_word' id='word_1_394' title='bbox 476 2725 552 2750; x_wconf 78' lang='lat' dir='ltr'><strong>meo</strong></span> <span class='ocrx_word' id='word_1_395' title='bbox 575 2723 647 2758; x_wconf 76' lang='lat' dir='ltr'><strong>qua</strong></span> <span class='ocrx_word' id='word_1_396' title='bbox 667 2711 833 2757; x_wconf 75' lang='lat' dir='ltr'><strong>analogia</strong></span> <span class='ocrx_word' id='word_1_397' title='bbox 854 2711 1000 2752; x_wconf 75' lang='lat' dir='ltr'><strong>dictum,</strong></span> <span class='ocrx_word' id='word_1_398' title='bbox 1021 2709 1050 2746; x_wconf 92' lang='lat'><strong>1.</strong></span> <span class='ocrx_word' id='word_1_399' title='bbox 1074 2707 1110 2751; x_wconf 80' lang='lat'><strong>2,</strong></span> <span class='ocrx_word' id='word_1_400' title='bbox 1126 2707 1161 2743; x_wconf 79' lang='lat'><strong>4.</strong></span> 
     </span>
    </p>
   </div>
  </div>
 </body>
</html>
