1702 2982
148 165 291 203 x:m
653 114 1205 194 szAEFATIO.-

229 257 462 334 cresceret.
531 264 654 311 Tum
692 266 863 325 aliquid
908 267 1106 315 dandum
1151 273 1247 313 erat
1293 268 1504 330 precibus
1537 268 1609 314 bi-

178 427 181 432 ,
227 369 457 430 bliopolae
491 367 816 423 honestissimi3
859 370 939 428 qui
980 382 1121 429 quum
1153 370 1289 416 valde
1324 371 1442 418 mihi
1473 371 1611 418 insta-

226 479 317 528 ret,
360 478 410 516 ut
453 487 588 531 quam
631 472 828 533 primum
861 472 959 516 fieri
1004 477 1158 533 posset
1189 473 1418 535 inceptam
1452 474 1614 520 editio.-

226 590 330 621 nem
360 575 654 633 absolverem,
686 575 824 619 malui
849 574 1026 620 interim
1059 581 1182 620 certe
1208 576 1358 636 aliqua
1391 592 1449 622 ex
1480 581 1614 638 parte

227 680 321 726 eius
367 677 590 722 desiderio
636 677 916 735 satisfacere,
960 692 1096 736 quam
1130 677 1412 740 Fragmentis
1445 678 1612 740 Iugur-
1652 652 1658 659 -.

226 780 333 825 thae
369 778 627 824 adiiciendis
660 793 835 823 moram
868 777 1020 824 facere
1053 779 1284 826 maiorem.
1355 781 1451 827 Sed
1474 781 1614 841 longe

225 882 489 945 gravissima
529 896 664 925 causa
703 881 820 926 haec
852 881 956 939 fuit,
984 882 1125 940 'quod
1158 883 1206 928 in
1234 883 1522 928 emendandis
1554 883 1612 928 il—

223 984 550 1042 lustrandisque
610 982 909 1028 Historiarum
962 985 1155 1045 reliquiis
1181 987 1184 989 ’
1209 986 1283 1030 vix
1337 1000 1613 1046 quemquam

223 1088 519 1149 probabiliter
552 1086 719 1130 versari
751 1101 894 1146 posse·
911 1102 1178 1147 persuasum
1205 1087 1382 1145 habeo,
1415 1089 1499 1134 nisi
1527 1104 1610 1134 an·-

221 1197 298 1235 tea
333 1188 513 1249 Corpus
550 1188 959 1236 Grammaticorum
992 1191 1280 1247 Latinorum,
1313 1191 1611 1239 Lindemanni

223 1307 453 1352 nunquam
499 1293 602 1337 satis
661 1292 933 1338 celebranda
977 1294 1192 1339 industria
1245 1293 1326 1339 edi'
1373 1299 1610 1355 coeptum,

218 1395 463 1441 maximam
506 1401 683 1456 partem
729 1396 983 1441 absolutum
1036 1405 1082 1441 et
1126 1397 1172 1441 in
1218 1397 1366 1442 lucem
1400 1396 1611 1441 emissum

220 1499 367 1543 fuerit.
441 1498 581 1554 Quod
618 1513 754 1558 quam
799 1499 985 1560 egregia
1027 1499 1253 1559 praesidia
1296 1504 1390 1543 tum
1431 1498 1492 1543 ad
1526 1512 1625 1563 auf

220 1601 424 1662 gendum
468 1600 847 1660 Fragmentorum
890 1616 1125 1646 numerum
1145 1635 1157 1655 ‚
1205 1607 1301 1647 tum
1347 1601 1409 1645 ad
1452 1615 1610 1645 emen-

165 1766 167 1768 ,
222 1703 374 1748 danda
409 1718 486 1761 ea,
533 1714 650 1761 quae
684 1703 774 1746 iam
809 1703 999 1748 collecta
1033 1710 1156 1760 sunt,
1193 1705 1611 1761 contineat,*quum

219 1806 445 1859 volumine
491 1805 643 1865 primo
698 1804 947 1849 luculenter
994 1795 1224 1865 cognitum
1270 1805 1329 1849 sit
1346 1838 1361 1862 ‚
1405 1804 1610 1850 iniuriam

221 1909 373 1952 facere
419 1907 530 1952 mihi
577 1907 754 1952 viderer
798 1906 987 1967 egregio
1029 1906 1236 1966 scriptori
1269 1921 1323 1951 ac
1358 1907 1487 1952 simul
1520 1923 1608 1968 pa·-

219 2026 320 2056 rum
366 2025 547 2066 curare,
592 2009 702 2068 quid
745 2009 838 2054 eius
882 2009 1122 2053 lectoribus
1169 2008 1412 2068 debeatur,
1452 2010 1608 2055 sinon

221 2100 487 2174 exspectatis
517 2112 721 2157 Charisio
766 2126 820 2156 ac
857 2112 1007 2156 Nonio
1043 2110 1287 2168 Marcello,
1324 2111 1402 2170 qui
1436 2126 1494 2156 ex
1526 2127 1605 2156 an·
1652 2166 1654 2169 y

219 2215 471 2275 tiquissimis
503 2214 730 2259 codicibus
764 2213 909 2258 reficti
940 2214 1075 2274 plane
1112 2228 1230 2259 nova
1264 2212 1412 2257 forma
1443 2212 1603 2273 prodi-

221 2319 308 2362 turi
343 2323 466 2374 sunt,
507 2316 552 2361 in
587 2317 769 2377 vulgata
810 2317 1031 2377 scriptura
1059 2315 1309 2377 repetenda
1342 2316 1603 2374 acquiesce-

220 2435 330 2465 rem.
400 2419 497 2464 Sed
535 2424 584 2464 ut
617 2418 732 2463 haec
766 2434 915 2477 mora,
927 2390 1069 2463 οε”ᾱιιῐιι
1111 2433 1251 2463 novas
1293 2417 1446 2478 copias
1479 2417 1602 2462 criti·-

222 2537 296 2568 cas
336 2527 574 2583 exspecto,
618 2520 899 2582 Fragmentis
932 2520 1037 2581 ipsis
1072 2535 1162 2565 non
1189 2525 1339 2580 potest
1371 2519 1451 2564 nisi
1474 2520 1601 2564 salu-

144 2647 147 2650 >
222 2625 325 2669 taris
350 2625 461 2682 fieri,
486 2625 549 2668 ita
572 2623 663 2668 hoc
696 2621 969 2667 incommodi
996 2621 1102 2667 inde
1129 2622 1238 2666 mihi
1266 2599 1439 2677 exstitit,
1474 2621 1598 2680 quod

223 2727 442 2786 indicem,
486 2741 621 2787 quem
664 2725 815 2770 habeo
858 2725 1254 2786 locupletissimum
1290 2724 1335 2767 iu
1370 2737 1599 2768 commen-
