1702 2982
453 172 818 218 IUGIJRTHA.
876 170 1004 216 GAP.
1034 168 1141 213 XX.
1422 169 1506 212 129

121 293 232 341 fiere.
301 291 365 354 At
397 290 503 348 ille,
546 289 672 349 quod
703 303 852 348 neque
887 304 936 333 se
970 301 1129 347 parem
1164 284 1300 328 armis
1340 283 1541 330 exista-5

119 372 297 444 mahat,
333 394 379 432 et
413 387 604 432 amicitia
636 386 797 448 populi
832 384 1027 429 Romani
1061 382 1205 443 magis
1235 394 1371 440 quam
1405 380 1507 424 Nu-

121 485 250 532 midis
275 485 418 530 fretus
454 489 571 540 erat,
602 476 777 544 leg-atos
823 481 885 526 ad
926 480 1193 541 Iugurtham
1238 477 1297 521 de
1340 476 1505 521 iniuriis

48 617 52 619 -
123 587 332 642 questum
361 580 504 634 misit3
535 579 611 638 qui
642 579 817 624 tametsi
846 577 1168 623 contumeliosa
1200 574 1318 619 dicta
1341 573 1512 617 retule-

122 683 239 735 rant,
273 678 398 738 prius
429 682 580 721 tamen
608 675 758 720 omnia
791 674 886 735 pati
920 674 1133 730 decrevit,
1169 685 1308 731 quam
1341 669 1511 714 bellum

125 789 322 831 sumere,
352 773 456 834 quia
483 778 698 817 tentatum
733 777 864 816 antea
898 786 1023 815 secus
1068 779 1274 819 cesserat.
1342 771 1542 829 Neque6

125 885 183 917 eo
215 870 359 932 magis
395 867 561 929 cupido
595 867 840 928 Iugurthae
874 867 1180 922 minuebatur3
1228 868 1400 929 quippe
1434 866 1511 926 qui

123 1061 257 1105 sciunt,
283 1060 508 1107 participium
536 1059 611 1095 vim
643 1059 896 1095 enunciationis
921 1058 1090 1096 caussalis
1123 1059 1275 1102 habere;
1307 1061 1345 1094 at
1366 1069 1434 1093 non
1458 1058 1513 1093 in-

125 1124 330 1159 tellexeruut
351 1127 386 1156 et
407 1122 499 1157 istud
522 1121 647 1156 referri
670 1121 716 1156 ad
739 1131 984 1165 praegressum
1009 1132 1121 1165 neque
1143 1121 1206 1163 (de
1227 1131 1297 1164 quo
1320 1131 1353 1154 v.
1371 1120 1415 1153 ad
1432 1120 1511 1164 lug.

125 1184 162 1224 1,-
183 1181 261 1228 5.),
289 1192 380 1226 quae
411 1182 606 1227 particulae
638 1192 761 1226 parem
786 1181 915 1225 ubique
937 1182 1229 1216 constructionem
1253 1184 1422 1225 poscunt3
1443 1191 1514 1214 non

124 1245 372 1287 perspexerunt
393 1246 537 1287 propter
558 1241 595 1276 id
616 1241 733 1286 ipsum
755 1253 797 1276 ex
819 1243 911 1286 quod
933 1241 1105 1286 particula
1127 1242 1362 1276 existumabat
1384 1246 1419 1275 et
1435 1243 1514 1285 sre-

125 1308 184 1339 tus
206 1307 310 1339 eset
330 1307 453 1347 aptum
476 1314 550 1337 esee
573 1302 721 1344 debere3
745 1302 894 1346 denique
916 1301 1000 1346 quid
1024 1302 1060 1336 in
1084 1302 1211 1337 Latina
1242 1302 1366 1348 lingua
1396 1301 1515 1343 „inso-

126 1363 385 1400 lentis-imum“
407 1358 472 1408 sit',
497 1363 581 1408 quid
601 1375 670 1406 „ex
693 1374 792 1397 more
815 1363 976 1397 Sallustii
989 1366 1027 1405 ‚“
1048 1374 1189 1407 prorsus
1204 1374 1264 1397 eos
1289 1363 1385 1397 latet.
1417 1362 1516 1404 Qua-

125 1437 166 1460 re
187 1425 315 1475 melius
336 1423 478 1467 fuisset,
502 1424 532 1459 si
554 1425 662 1459 etiam
686 1424 799 1465 illud,
824 1424 918 1468 quod
941 1424 1204 1466 intellexerunt,
1229 1434 1298 1457 non
1321 1421 1515 1456 intellexis-

125 1490 212 1522 sent.
244 1505 292 1512 —
323 1486 462 1520 Bellum
493 1497 585 1521 sum
599 1497 673 1520 ere
702 1484 807 1518 dictio
838 1485 931 1528 apud
962 1495 1081 1516 rerum
1111 1487 1295 1528 gestarum
1327 1481 1517 1526 scriptores

116 1546 223 1583 ,haud
259 1546 469 1590 infrequens.
534 1546 630 1579 Infra
662 1557 692 1578 c.
726 1545 842 1585 LXII,
873 1544 908 1578 9.
948 1544 992 1577 de
1034 1545 1172 1588 integro
1205 1544 1331 1577 bellum
1363 1543 1515 1577 sumit.

128 1607 332 1648 LXXXIII,
361 1607 396 1640 1.
425 1616 524 1639 omae
560 1605 685 1639 bellum
716 1605 830 1638 sumi
856 1604 980 1648 facile.
1010 1603 1086 1637 Liv.
1112 1603 1151 1645 Ι,
1174 1604 1240 1645 42,
1265 1603 1299 1637 2.
1324 1603 1518 1648 XXXVIII,

128 1666 199 1711 19,
219 1666 255 1702 3.
278 1665 391 1701 Tacit.
417 1665 580 1707 Ann.11‚
604 1663 665 1707 45,
691 1664 725 1700 1.
750 1665 854 1707 XIII,
877 1664 944 1707 34,
967 1664 1002 1698 2.
1026 1664 1113 1707 XV,
1136 1663 1181 1706 5,
1203 1664 1238 1698 2.
1263 1663 1350 1698 ibid.
1369 1676 1401 1698 c.
1418 1664 1464 1707 7,
1482 1664 1517 1698 1.

129 1727 250 1774 Agric.
287 1738 319 1761 c.
351 1726 418 1770 16,
450 1725 499 1761 iu.
531 1725 594 1760 uhi
622 1736 658 1759 v,
691 1724 832 1760 Walch.
864 1724 925 1768 qui
957 1724 1134 1759 Graecum
1156 1723 1323 1769 πόλεμον
1348 1723 1519 1770 ἄρασθαι

131 1797 333 1833 expressum
366 1790 491 1822 censet.
547 1785 756 1820 Gerlachius
789 1796 874 1820 vero
897 1785 942 1819 ad
963 1785 1004 1819 h.
1025 1786 1051 1820 l.
1074 1786 1286 1820 locutionem
1323 1786 1519 1830 profectam

130 1853 230 1894 putat
259 1859 283 1883 a
311 1849 463 1892 cognata
497 1857 631 1880 sumere
653 1850 767 1880 ᾱπιια.
815 1845 987 1880 Neutrum
1011 1847 1197 1890 probabile
1221 1846 1381 1888 videtum
1406 1846 1520 1880 Latini

131 1910 228 1945 enim
257 1921 323 1943 usu
355 1907 516 1952 proprio,
549 1918 617 1941 nou
650 1906 806 1950 Graeco,
843 1906 1024 1950 multoque
1056 1907 1162 1941 latius
1194 1914 1356 1951 patente,
1388 1919 1522 1942 sumere

131 1971 183 2007 ita
203 1969 435 2014 usurpabant,
457 1971 497 2003 ut
518 1968 649 2002 valeret
670 1969 805 2012 aliquid
828 1968 1000 2012 aggredi,
1025 1969 1175 2013 incipere
1189 1994 1200 2010 ‚
1223 1969 1282 2003 vel
1308 1969 1451 2003 omnino
1472 1969 1523 2009 id,

133 2043 158 2066 ιι
190 2042 255 2075 quo
288 2030 364 2074 quis
395 2033 502 2062 antea
531 2028 665 2061 alienus
700 2034 801 2068 erat,
833 2028 997 2071 amplecti
1018 2041 1060 2063 ac
1084 2030 1202 2074 sequi,
1227 2040 1318 2073 quae
1340 2034 1392 2064 est
1414 2029 1522 2064 etiam

133 2089 308 2125 scheller-i
332 2088 369 2122 in
390 2089 480 2124 Lex.
500 2088 609 2131 ampl.
634 2099 668 2132 p.
691 2087 816 2122 10878.
841 2089 884 2122 de
906 2089 975 2122 hoc
999 2089 1107 2122 verbo
1129 2089 1309 2124 sententia.
1333 2090 1380 2124 cf.
1414 2090 1523 2125 etiam

135 2149 320 2194 Kreyssig.
344 2149 574 2183 Commentat.
598 2148 644 2183 11.
667 2147 711 2180 de
733 2147 824 2185 Sall.
838 2147 992 2182 Histnn.
1017 2149 1093 2184 Lib.
1115 2150 1176 2183 111.
1194 2150 1378 2194 Fragmm.
1404 2162 1438 2194 p.
1461 2150 1519 2185 28.

135 2214 171 2246 et
193 2208 412 2244 Boetticheri
437 2209 519 2242 Lex.
542 2208 655 2243 Tacit.
679 2208 717 2242 in
744 2208 786 2244 h.
810 2219 843 2242 V.
869 2220 904 2252 p.
927 2208 1009 2243 447.
1032 2209 1094 2252 qui
1125 2210 1280 2253 plurima
1303 2211 1460 2246 contulit.
1481 2231 1519 2237 -

135 2272 248 2305 Usum
270 2280 365 2303 secus
388 2268 574 2310 vocabuli,
598 2268 641 2301 de
668 2267 767 2302 cuius
791 2267 934 2311 propria
955 2268 992 2302 vi
1013 2270 1059 2302 cf.
1083 2274 1202 2304 notata
1225 2271 1270 2304 ad
1293 2282 1324 2305 c.
1348 2271 1469 2312 XCII,
1490 2270 1523 2305 4.

136 2329 346 2366 Gerlachius
371 2328 469 2363 haud
497 2328 592 2362 male
621 2328 668 2362 ad
695 2327 930 2370 euphemismi
958 2329 1263 2375 quoffliamgenus
1287 2330 1416 2371 refert,
1439 2342 1524 2365 oon-

132 2390 251 2427 simile
278 2389 323 2433 ei,
347 2389 440 2433 quod
461 2387 578 2433 tetigit
595 2388 686 2433 Aug.
708 2387 878 2423 Matthias
897 2388 943 2422 ad
961 2389 1035 2423 Cic.
1059 2401 1091 2433 p.
1112 2390 1172 2435 leg
1205 2391 1304 2425 Mau.
1325 2402 1356 2424 c.
1374 2391 1442 2435 20,
1466 2391 1528 2426 59.

136 2452 183 2486 ef.
212 2450 305 2485 infra
323 2461 362 2485 .c.
390 2450 510 2491 XXV,
544 2448 602 2484 1⁰.
632 2449 752 2493 LXII,
785 2448 819 2482 l.
843 2453 878 2483 et
906 2460 941 2485 v.
964 2449 1120 2483 Gronov.
1139 2454 1175 2484 et
1190 2451 1455 2486 Drakenborch.
1482 2452 1527 2486 ad

135 2510 213 2546 liv.
232 2512 315 2553 vn,
338 2510 381 2552 6,
406 2509 440 2543 8.
485 2508 681 2554 Praecipue
695 2515 814 2545 autem
834 2509 976 2545 consule
990 2509 1116 2544 utilem
1141 2514 1263 2545 uotam
1278 2511 1461 2545 Kuehneri
1482 2510 1527 2546 ad

137 2571 213 2606 Cio.
234 2571 364 2607 Tusce.
381 2571 417 2612 I,
440 2569 507 2612 43,
531 2570 612 2605 104.

226 2633 261 2674 §-
279 2631 303 2666 6
330 2651 373 2656 —
403 2629 437 2664 8.
486 2631 606 2676 Neque
634 2643 672 2666 eo
697 2631 830 2676 magis]
862 2630 1023 2672 eortius,
1046 2629 1193 2665 dubium
1213 2643 1255 2667 ex
1293 2631 1459 2678 ingenio,
1487 2643 1532 2666 an

139 2699 247 2732 casu,
278 2690 386 2725 edidit
421 2703 530 2735 aeque
567 2697 716 2725 tamen
756 2704 793 2726 eo
817 2693 952 2737 magis,
984 2691 1076 2733 quod
1107 2702 1168 2734 per
1193 2703 1231 2725 se
1262 2693 1345 2727 satis
1371 2704 1531 2726 commo-

140 2749 224 2783 dum
241 2755 293 2786 est
308 2751 360 2795 (v.
375 2751 422 2785 ad
445 2751 546 2787 Catil.
566 2764 596 2785 c.
617 2752 730 2796 mu,
754 2752 808 2796 4.)
820 2777 831 2795 ,
855 2752 913 2786 sed
930 2762 973 2786 nc
991 2751 1026 2785 in
1045 2762 1115 2786 uno
1132 2751 1274 2794 quidem
1294 2753 1373 2787 cod.
1390 2752 1531 2798 legitur.

209 2821 263 2864 Π.
1216 2822 1249 2866 9
